@article{AcM07,
title = "Locating series {FACTS} devices for congestion management in deregulated electricity markets",
journal = "Electric Power Systems Research",
volume = "77",
number = "3â€“4",
pages = "352-360",
month = "Mar.",
year = "2007",
issn = "0378-7796",
doi = "10.1016/j.epsr.2006.03.016",
author = "Naresh Acharya and N. Mithulananthan"
}

@INPROCEEDINGS{AlS16,
author={Alobaidi, Isam A. and Sedigh Sarvestani, Sahra and Hurson, Ali R.},
booktitle={Proc. 4th Intl.Symposium on Resilient Cyber Systems},
title={Survivability analysis and recovery support for smart grids},
year={2016},
month={Aug.},
address={Chicago, USA}
}

@INPROCEEDINGS{AsK11,
author={Asprou, M. and Kyriakides, E.},
booktitle={IEEE Trondheim PowerTech},
title={Optimal {PMU} placement for improving hybrid state estimator accuracy},
year={2011},
month={June},
pages={1-7},
doi={10.1109/PTC.2011.6019247}
}

@inproceedings{AvC15,
title = {Survivability Evaluation of Gas, Water and Electricity Infrastructures},
booktitle = {Proc. 7th Intl.Workshop on Practical Applications of Stochastic Modelling},
author = {Avritzer, A. and Carnevali, L. and Happe, L. and Haverkort, B. R. and Koziolek, A. and Menasch{\'e}, D. and Remke, A. and Sedigh Sarvestani, Sahra},
address = {Newcastle upon Tyne, UK},
month = {May},
doi = {10.1016/j.entcs.2014.12.010},
year = {2015}
}

@ARTICLE{AvL04,
author={Avizienis, A. and Laprie, J.-C. and Randell, B. and Landwehr, C.},
journal={IEEE Trans. Dependable and Secure Computing},
title={Basic concepts and taxonomy of dependable and secure computing},
year={2004},
month={Jan.},
volume={1},
number={1},
pages={11-33},
doi={10.1109/TDSC.2004.2},
ISSN={1545-5971}
}

@inproceedings{AvS13,
author = {Avritzer, Alberto and Suresh, Sindhu and Menasch{\'e}, Daniel Sadoc and Leao, Rosa Maria Meri and de Souza e Silva, Edmundo and Diniz, Morganna Carmem and
Trivedi, Kishor and Happe, Lucia and Koziolek, Anne},
title = {Survivability Models for the Assessment of Smart Grid Distribution Automation Network Designs},
booktitle = {Proc. 4th ACM/SPEC Intl. Conf. on Performance Eng.},
year = {2013},
isbn = {978-1-4503-1636-1},
location = {Prague, Czech Republic},
pages = {241-252},
doi = {10.1145/2479871.2479905},
address = {New York, NY, USA}
}

@book{Ba03,
title={The fundamentals of aircraft combat survivability analysis and design},
author={Ball, R.E.},
number={v. 1},
isbn={9781563475825},
series={AIAA education series},
year={2003},
publisher={American Institute of Aeronautics and Astronautics}
}

@inproceedings{BeA04,
title={The {Italian} 2003 blackout},
author={Berizzi, A},
booktitle={IEEE Power Eng. Society General Meeting},
pages={1673-1679},
year={2004}
}

@techreport{Ch02,
title={Network survivability analysis using {Easel}},
author={Christie, Alan M.},
year={2002},
institution={CMU/SEI}
}

@INPROCEEDINGS{ChB12,
author={Chopade, P. and Bikdash, M.},
booktitle={Proceedings of IEEE Southeastcon},
title={Modeling for survivability of Smart Power Grid when subject to severe emergencies and vulnerability},
year={2012},
month={Mar.},
pages={1-6},
doi={10.1109/SECon.2012.6196924},
ISSN={1091-0050}
}

@book{CoR79,
title = {Theoretical statistics},
author = {Cox, David Roxbee and Hinkley, David Victor},
year = {1979},
publisher = {CRC Press}
}

@ARTICLE{DeL12,
author = {Derler, P. and Lee, E.A. and Vincentelli, A.S.},
title = {Modeling Cyber-Physical Systems},
journal = {Proc. IEEE},
year = {2012},
volume = {100},
pages = {13-28},
number = {1},
doi = {10.1109/JPROC.2011.2160929},
issn = {0018-9219}
}

@book{DeW88,
title={Software Quality Engineering: A Total Technical and Management Approach},
author={Deutsch, M. S. and Willis, R. R.},
isbn={9780138232047},
year={1988},
series={Software Eng.},
publisher={Prentice Hall}
}

@misc{DIg,
title = {{DIgSILENT GmbH}},
howpublished = {\url{http://www.digsilent.com/}},
note = {Retrieved 2019-10-02}
}

@misc{dataset,
author = {Mark Woodard and Koosha Marashi and Sahra Sedigh Sarvestani and Ali R. Hurson},
title = {{Simulation code and data for Survivability Evaluation and Importance Analysis for Cyber-Physical Smart Grids}},
howpublished = {\url{https://github.com/sendecomp/Mark-Koosha-Survivability-Paper/tree/master/Simulations}},
year = {2020}
}

@book{DuM12,
Author = {Roger C. Dugan and Mark F. McGranaghan and Surya Santoso and H. Wayne Beaty},
Title = {Electrical Power Systems Quality},
Publisher = {McGraw-Hill Education},
Edition =      {Third},
Year = {2012},
}

@techreport{ElF97,
title={Survivable network systems: An emerging discipline},
author={Ellison, Robert J. and Fisher, David A. and Linger, Richard C. and Lipson, Howard F. and Longstaff, Thomas},
year={1997},
institution={DTIC Document},
howpublished = {\url{https://resources.sei.cmu.edu/asset_files/TechnicalReport/1998_005_001_16598.pdf}},
note = {Retrieved 2019-10-02}
}

@ARTICLE{Er10,
author = {Ericsson, G.N.},
title = {Cyber Security and Power System Communication-Essential Parts of
a Smart Grid Infrastructure},
journal = {IEEE Trans. Power Delivery},
year = {2010},
volume = {25},
pages = {1501-1507},
number = {3},
doi = {10.1109/TPWRD.2010.2046654},
issn = {0885-8977}
}

@INPROCEEDINGS{FaS09b,
author = {Faza, Ayman Z. and Sedigh Sarvestani, Sahra and McMillin, Bruce M.},
title = {Reliability Analysis for the Advanced Electric Power Grid: From Cyber
Control and Communication to Physical Manifestations of Failure},
booktitle = {Proc. 28th Intl. Conf. on Computer Safety, Reliability and Security},
year = {2009},
address = {Hamburg, Germany},
volume = {5775},
pages = {257-269},
month = {Sept.},
doi = {10.1007/978-3-642-04468-7_21},
isbn = {978-3-642-04467-0}
}

@TECHREPORT{EN50160,
title = {{EN} 50160, Voltage Characteristics of Electricity Supplied by Public Distribution Systems},
institution = {CENELEC},
year = {2005}
}

@ARTICLE{FERC12,
author={{Federal Energy Regulatory Commission and North American Electric Reliability Corporation}},
title={{Arizona-Southern California} Outages on {Sept.} 8, 2011-Causes and Recommendations},
month={Apr.},
year={2012},
howpublished = {\url{https://www.ferc.gov/legal/staff-reports/04-27-2012-ferc-nerc-report.pdf}},
note = {Retrieved 2019-10-02}
}

@ARTICLE{HaL10,
author = {Haakana, J. and Lassila, J. and Kaipia, T. and Partanen, J.},
title = {Comparison of Reliability Indices From the Perspective of Network
Automation Devices},
journal = {IEEE Trans. Power Delivery},
year = {2010},
volume = {25},
pages = {1547-1555},
number = {3},
month = {May},
doi = {10.1109/TPWRD.2010.2048131},
issn = {0885-8977}
}

@article{HeR12,
title = {Generic metrics and quantitative approaches for system resilience as a function of time},
volume = {99},
journal = {Reliability Eng. \& System Safety},
author = {Henry, Devanandham and Ramirez-Marquez, Jose Emmanuel},
year = {2012},
pages = {114 -- 122}
}

@article{HeT09,
title = "Network survivability modeling",
journal = "Computer Networks",
volume = "53",
number = "8",
pages = "1215 - 1234",
year = "2009",
issn = "1389-1286",
doi = "10.1016/j.comnet.2009.02.014",
author = "Poul E. Heegaard and Kishor S. Trivedi"
}

@article{HoB16,
title = "A review of definitions and measures of system resilience ",
journal = "Reliability Eng. \& System Safety",
volume = "145",
number = "",
pages = "47 - 61",
year = "2016",
note = "",
issn = "0951-8320",
doi = "10.1016/j.ress.2015.08.006",
author = "Seyedmohsen Hosseini and Kash Barker and Jose E. Ramirez-Marquez"
}

@INPROCEEDINGS{KoA13,
author={Koziolek, A. and Avritzer, A. and Suresh, S. and Sadoc Menasch{\'e}, D. and Trivedi, K. and Happe, L.},
booktitle={IEEE 24th Intl.Symposium on Software Reliability Eng.},
title={Design of distribution automation networks using survivability modeling and power flow equations},
year={2013},
month={Nov.},
pages={41-50},
doi={10.1109/ISSRE.2013.6698903}
}

@article{KnS03,
title={On the definition of survivability},
author={Knight, John C. and Sullivan, Kevin J.},
journal={Univ. of Virginia, Dept. of Computer Science, Tech. Report CS-TR-33-00},
year={2000}
}

@inproceedings{LiM98,
author = {Linger, Richard C. and Mead, Nancy R. and Lipson, Howard F.},
title = {Requirements Definition for Survivable Network Systems},
booktitle = {Proc. 3rd Intl. Conf. on Requirements Eng.: Putting Requirements Eng. to Practice},
year = {1998},
isbn = {0-8186-8356-2},
pages = {14--23},
address = {Washington, DC, USA},
}

@article{Ma12,
title={A unified definition for reliability, survivability and resilience inspired by the handicap principle and ecological stability},
author={Ma, Zhanshan Sam},
journal={Intl.Journal of Critical Infrastructures},
volume={8},
number={2-3},
pages={242--272},
year={2012},
}

@misc{MATPWR,
title = {{MATPOWER}, A {MATLAB} Power System Simulation Package},
howpublished = {\url{http://www.pserc.cornell.edu/matpower/}},
note = {Retrieved 2019-10-02}
}

@article{Me80,
title={On evaluating the performability of degradable computing systems},
author={Meyer, John F.},
journal={IEEE Trans. Computers},
volume={100},
number={8},
pages={720--731},
year={1980},
publisher={IEEE}
}

@article {MeA14,
author = {Menasch{\'e}, Daniel Sadoc and Avritzer, Alberto and Suresh, Sindhu and Leao, Rosa M. and de Souza e Silva, Edmundo and Diniz, Morganna and Trivedi, Kishor and Happe, Lucia and Koziolek, Anne},
title = {Assessing survivability of smart grid distribution network designs accounting for multiple failures},
journal = {Concurrency and Computation: Practice and Experience},
volume = {26},
number = {12},
issn = {1532-0634},
doi = {10.1002/cpe.3241},
pages = {1949-1974},
year = {2014}
}

@article{MeM12,
author = {Menasch{\'e}, Daniel S. and Meri Leao, Rosa Maria and de Souza e Silva, Edmundo and Avritzer, Alberto and Suresh, Sindhu and Trivedi, Kishor and Marie, Raymond
A. and Happe, Lucia and Koziolek, Anne},
title = {Survivability Analysis of Power Distribution in Smart Grids with Active and Reactive Power Modeling},
journal = {ACM SIGMETRICS Performance Evaluation Review},
volume = {40},
number = {3},
month = {Jan.},
year = {2012},
issn = {0163-5999},
pages = {53-57},
doi = {10.1145/2425248.2425260}
}

@ARTICLE{Mi05,
author = {Milano, F.},
title = {An Open Source Power System Analysis Toolbox},
journal = {IEEE Trans. Power Systems},
year = {2005},
volume = {20},
pages = {1199-1206},
number = {3},
month = {Aug.},
doi = {10.1109/TPWRS.2005.851911},
issn = {0885-8950}
}

@ARTICLE{MoK10,
author = {Moslehi, K. and Kumar, R.},
title = {A Reliability Perspective of the Smart Grid},
journal = {IEEE Trans. Smart Grid},
year = {2010},
volume = {1},
pages = {57-64},
number = {1},
month = {June},
doi = {10.1109/TSG.2010.2046346},
issn = {1949-3053}
}

@article{NaS17,
title = "A quantitative method for assessing resilience of interdependent infrastructures",
journal = "Reliability Eng. \& System Safety",
volume = "157",
pages = "35 - 53",
year = "2017",
issn = "0951-8320",
doi = "10.1016/j.ress.2016.08.013",
author = "Cen Nan and Giovanni Sansavini"
}

@MISC{PSTCA,
author = {{Univ. of Washington}},
title = {Power Systems Test Case Archive},
howpublished = {\url{http://www.ee.washington.edu/research/pstca/}},
note = {Retrieved 2019-10-02}
}

@MISC{OE417,
author = {{Office of Electricity Delivery \& Energy Reliability, Dept. of Energy}},
title = {Electric Disturbance Events ({OE}-417) Annual Summaries},
howpublished = {\url{https://www.oe.netl.doe.gov/OE417_annual_summary.aspx}},
note = {Retrieved 2019-10-02},
address = {Washington, DC}
}

@misc{PwrWrld,
title = {{PowerWorld Corporation}},
howpublished = {\url{http://www.powerworld.com/ products/simulator/overview}},
note = {Retrieved 2019-10-02}
}

@INPROCEEDINGS{RaI10,
author={Rajkumar, R. and Insup Lee and Lui Sha and Stankovic, J.},
booktitle={Proc. 47th ACM/IEEE Design Automation Conf.},
title={Cyber-physical systems: The next computing revolution},
year={2010},
month={June},
pages={731 -736}
}

@INPROCEEDINGS{Ri04,
author = {Rinaldi, S.M.},
title = {Modeling and simulating critical infrastructures and their interdependencies},
booktitle = {Proc. 37th Annual Hawaii Intl. Conf. on Systems Sciences},
year = {2004},
doi = {10.1109/HICSS.2004.1265180}
}

@ARTICLE{SoW13,
author = {Yantao Song and Bingsen Wang},
title = {Survey on Reliability of Power Electronic Systems},
journal = {IEEE Trans. Power Electronics},
year = {2013},
volume = {28},
pages = {591-604},
number = {1},
doi = {10.1109/TPEL.2012.2192503},
issn = {0885-8993}
}

@MISC{STD1037,
author = {{National Communications System, Technology \& Standards Division}},
title = {Telecommunications: Glossary of Telecommunication Terms - Federal Standard {1037C}},
howpublished = {\url{http://www.its.bldrdoc.gov/fs-1037/fs-1037c.htm}},
note = {Retrieved 2019-10-02},
year = {1996}
}

@TECHREPORT{T1A1,
title = {Tech. report on enhanced network survivability performance},
institution = {{T1A1.2} Working Group on Network Survivability Performance},
month = {Feb.},
year = {2001}
}

@INPROCEEDINGS{VeS12,
author = {Venemans, P. and Schreuder, M.},
title = {A method for the quantitative assessment of reliability of Smart Grids},
booktitle = {CIRED Workshop, Integration of Renewables into the Distribution Grid},
year = {2012},
pages = {1-4},
month = {May},
doi = {10.1049/cp.2012.0757}
}

@ARTICLE{VoC09,
author = {Andrija Volkanovski and Marko Cepin and Borut Mavko},
title = {Application of the fault tree analysis for assessment of power system
reliability},
journal = {Reliability Eng. \& System Safety},
year = {2009},
volume = {94},
pages = {1116 - 1127},
number = {6},
doi = {10.1016/j.ress.2009.01.004},
issn = {0951-8320}
}

@INPROCEEDINGS{YiD15,
author={Zhipeng Yi and Dohi, T.},
booktitle={Proc. 39th IEEE Computer Software and Applications Conf.},
title={A Simulation Approach to Quantify Network Survivability on {MANETs}},
year={2015},
volume={3},
pages={268-273},
doi={10.1109/COMPSAC.2015.238},
month={July}
}

@ARTICLE{ZiG12,
author = {E. Zio and L.R. Golea},
title = {Analyzing the topological, electrical and reliability characteristics
of a power transmission system for identifying its critical elements},
journal = {Reliability Eng. \& System Safety},
year = {2012},
volume = {101},
pages = {67 - 74},
month = {May},
doi = {10.1016/j.ress.2011.11.009},
issn = {0951-8320}
}

@INPROCEEDINGS{AlB17,
author={A. Albarakati and M. Bikdash and X. Dai},
booktitle={IEEE SoutheastCon 2017},
title={Line-graph based modeling for assessing the vulnerability of transmission lines},
year={2017},
pages={1-8},
doi={10.1109/SECON.2017.7925265},
month={March}
}

@Article{SrE18,
author={Srivastava, Anurag K. and Ernster, Timothy A. and Liu, Ren and Krishnan, Vignesh G.},
title={Graph-theoretic algorithms for cyber-physical vulnerability analysis of power grid with incomplete information},
journal={J. Modern Power Syst. and Clean Energy},
year={2018},
month={September},
volume={6},
number={5},
pages={887--899},
issn={2196-5420},
doi={10.1007/s40565-018-0448-7}
}

@article{PaY13,
title = "Optimal intentional islanding to enhance the robustness of power grid networks",
journal = "Physica A",
volume = "392",
number = "17",
pages = "3741 - 3754",
year = "2013",
issn = "0378-4371",
doi = "10.1016/j.physa.2013.03.029",
author = "S. Pahwa and M. Youssef and P. Schumm and C. Scoglio and N. Schulz"
}

@INPROCEEDINGS{MaS16,
author = {Marashi, Koosha and Sedigh Sarvestani, Sahra and Hurson, Ali R.},
title = {Quantification and Analysis of Interdependency in Cyber-Physical Systems},
booktitle = {Proc. 3rd Intl. Workshop on Rel. and Sec. Aspects for Critical Infrastructure},
address = {Toulouse, France},
month = {June},
year = {2016},
pages = {149-154},
doi = {10.1109/DSN-W.2016.47}
}

@ARTICLE{MaS18,
author = {Marashi, Koosha and Sedigh Sarvestani, Sahra and Hurson, Ali R.},
title = {Consideration of Cyber-Physical Interdependencies in Reliability Modeling of Smart Grids},
journal = {IEEE Trans. Sustain. Comput.},
volume = {3},
number = {2},
pages = {73-83},
doi = {10.1109/TSUSC.2017.2757911},
year = {2018}
}