@INPROCEEDINGS{RaI10,
author={Rajkumar, R. and Insup Lee and Lui Sha and Stankovic, J.},
booktitle={47th ACM/IEEE Design Automation Conf.},
title={Cyber-physical systems: The next computing revolution},
year={2010},
month={Jun.},
pages={731-736}
}

@ARTICLE{DeL12,
author={Derler, P. and Lee, E. A. and Vincentelli, A. S.},
title={Modeling Cyber-Physical Systems},
journal={Proc. of the IEEE},
year={2012},
volume={100},
pages={13-28},
number={1},
}

@inproceedings{BeA04,
title={The {Italian} 2003 blackout},
author={Berizzi, A},
booktitle={IEEE Power Eng. Soc. General Meeting},
pages={1673-1679},
year={2004}
}

@ARTICLE{FERC12,
author={{Federal Energy Regulatory Commission and North American Electric Reliability Corporation}},
title={{Arizona-Southern California} Outages on Sep. 8, 2011-Causes and Recommendations},
month={Apr.},
year={2012}
}

@ARTICLE{AvL04,
author={Avizienis, A. and Laprie, J.-C. and Randell, B. and Landwehr, C.},
journal={IEEE Trans. on Dependable Secure Computing},
title={Basic concepts and taxonomy of dependable and secure computing},
year={2004},
month={Jan.},
volume={1},
number={1},
pages={11-33},
}

@article{Me80,
title={On evaluating the performability of degradable computing systems},
author={Meyer, John F.},
journal={IEEE Trans. on Comput.},
volume={100},
number={8},
pages={720--731},
year={1980},
publisher={IEEE}
}

@article{HeR12,
title={Generic metrics and quantitative approaches for system resilience as a function of time},
author={Henry, Devanandham and Emmanuel Ramirez-Marquez, Jose},
journal={Reliability Eng. \& System Safety},
volume={99},
pages={114--122},
year={2012},
publisher={Elsevier}
}

@inproceedings{AvC15,
address = {Newcastle, {UK}},
title = {Survivability Evaluation of Gas, Water and Electricity Infrastructures},
booktitle = {Proc. of the 7th Int. Workshop on Practical Appl. of Stochastic Modelling},
author = {Avritzer, Alberto and Carnevali, Laura and Ghasemieh, Hamed and Happe, Lucia and Haverkort, Boudewijn R and Koziolek, Anne and Menasch{\'e}, Daniel and Remke, Anne and Sarvestani, Sahra Sedigh and Vicario, Enrico},
month = {Jan.},
year = {2015}
}

@article{HeT09,
title = "Network survivability modeling",
journal = "Computer Networks",
volume = "53",
number = "8",
pages = "1215-1234",
year = "2009",
author = "Poul E. Heegaard and Kishor S. Trivedi"
}

@article{KnS03,
title={On the definition of survivability},
author={Knight, John C. and Sullivan, Kevin J.},
journal={University of Virginia, Dept. of Computer Science, Tech. Rep. CS-TR-33-00},
year={2000}
}

@techreport{T1A1,
author={T1A1.2 Working Group},
title={Tech. Rep. on Enhanced Network Survivability Performance},
institution={Alliance for Telecommunications Industry Solutions},
number={68},
year={2001},
month={Feb.},
}

@ARTICLE{Mi05,
author = {Milano, F.},
title = {An Open Source Power System Analysis Toolbox},
journal = {IEEE Trans. on Power Syst.},
year = {2005},
volume = {20},
pages = {1199-1206},
number = {3},
month = {Aug.},
}

@misc{PwrWrld,
title = {{PowerWorld Corporation}},
howpublished = {\url{http://www.powerworld.com/ products/simulator/overview}},
note = {Accessed: 2015-05-11}
}

@misc{DIg,
title = {{DIgSILENT GmbH}},
howpublished = {\url{http://www.digsilent.com/}},
note = {Accessed: 2015-05-11}
}

@misc{MATPWR,
title = {{MATPOWER}, A {MATLAB} Power System Simulation Package},
howpublished = {\url{http://www.pserc.cornell.edu/matpower/}},
note = {Accessed: 2015-05-11}
}

@ARTICLE{AsM97,
author = {Asgarpoor, S. and Mathine, M.J.},
title = {Reliability evaluation of distribution systems with nonexponential down times},
journal = {IEEE Trans. on Power Syst.},
year = {1997},
volume = {12},
pages = {579-584},
number = {2},
month = {May},
}

@ARTICLE{ZiG12,
author = {E. Zio and L.R. Golea},
title = {Analyzing the topological, electrical and reliability characteristics of a power transmission system for identifying its critical elements},
journal = {Reliability Eng. \& Syst. Safety},
year = {2012},
volume = {101},
pages = {67-74},
number = {0},
month = {May},
}

@ARTICLE{Er10,
author = {Ericsson, G.N.},
title = {Cyber Security and Power System Communication-Essential Parts of a Smart Grid Infrastructure},
journal = {IEEE Trans. on Power Delivery},
year = {2010},
volume = {25},
pages = {1501-1507},
number = {3},
}

@ARTICLE{HaL10,
author = {Haakana, J. and Lassila, J. and Kaipia, T. and Partanen, J.},
title = {Comparison of Reliability Indices From the Perspective of Network Automation Devices},
journal = {IEEE Trans. on Power Del.},
year = {2010},
volume = {25},
pages = {1547-1555},
number = {3},
month = {May},
}

@ARTICLE{SiL85,
author = {Singh, C. and Lago-Gonzalez, A.},
title = {Reliability Modeling of Generation Systems Including Unconventional Energy Sources},
journal = {IEEE Trans. on Power App. Syst.},
year = {1985},
volume = {PAS-104},
pages = {1049-1056},
number = {5},
month = {May},
}

@ARTICLE{MoK10,
author = {Moslehi, K. and Kumar, R.},
title = {A Reliability Perspective of the Smart Grid},
journal = {IEEE Trans. on Smart Grid},
year = {2010},
volume = {1},
pages = {57-64},
number = {1},
month = {Jun.},
}

@INPROCEEDINGS{Ri04,
author = {Rinaldi, S.M.},
title = {Modeling and simulating critical infrastructures and their interdependencies},
booktitle = {Proc. of the 37th Annu. Hawaii Int. Conf. on System Sciences},
year = {2004},
}

@INPROCEEDINGS{VeS12,
author = {Venemans, P. and Schreuder, M.},
title = {A method for the quantitative assessment of reliability of Smart Grids},
booktitle = {CIRED Workshop, Integration of Renewables into the Distribution Grid},
year = {2012},
pages = {1-4},
month = {May},
}

@INPROCEEDINGS{Wo04b,
author = {Wolthusen, S.D.},
title = {Modeling critical infrastructure requirements},
booktitle = {Proc. of the Fifth Annu. IEEE Syst., Man, and Cybern. Information Assurance Workshop},
year = {2004},
pages = {101-108},
}

@book{Ba03,
title={The fundamentals of aircraft combat survivability analysis and design},
author={Ball, R.E.},
year={2003},
publisher={Amer. Inst. of Aeronautics and Astronautics}
}

@article{STD1037,
title={Telecommunications: Glossary of telecommunication terms - {F}ederal {S}tandard 1037C},
author={National Communications System, Technology \& Standards Division},
journal={Inst. for Telecommun. Services},
volume={7},
year={1996}
}

@techreport{ElF97,
title={Survivable network systems: An emerging discipline},
author={Ellison, Robert J. and Fisher, David A. and Linger, Richard C. and Lipson, Howard F. and Longstaff, Thomas},
year={1997},
institution={DTIC Document}
}

@book{DeW88,
title={Software Quality Engineering: A Total Technical and Management Approach},
author={Deutsch, M. S. and Willis, R. R.},
series={Prentice-Hall series in software eng.},
year={1988},
publisher={Prentice Hall}
}

@INPROCEEDINGS{ChB12,
author={Chopade, P. and Bikdash, M.},
booktitle={Proc. of IEEE Southeastcon},
title={Modeling for survivability of Smart Power Grid when subject to severe emergencies and vulnerability},
year={2012},
month={Mar.},
pages={1-6},
}

@INPROCEEDINGS{KoA13,
author={Koziolek, A. and Avritzer, A. and Suresh, S. and Sadoc Menasch{\'e}, D. and Trivedi, K. and Happe, L.},
booktitle={IEEE 24th Int. Symp. on Software Rel. Eng.},
title={Design of distribution automation networks using survivability modeling and power flow equations},
year={2013},
month={Nov.},
pages={41-50},
}

@inproceedings{AvS13,
author = {Avritzer, Alberto and Suresh, Sindhu and Menasch{\'e}, Daniel Sadoc and Le\~{a}o, Rosa Maria Meri and de Souza e Silva, Edmundo and Diniz, Morganna Carmem and Trivedi, Kishor and Happe, Lucia and Koziolek, Anne},
title = {Survivability Models for the Assessment of Smart Grid Distribution Automation Network Designs},
booktitle = {Proc. of the 4th ACM/SPEC Int. Conf. on Perf. Eng.},
year = {2013},
pages = {241-252},
address = {New York, USA},
}

@article{MeM12,
author = {Menasch{\'e}, Daniel S. and Meri Le\~{a}o, Rosa Maria and de Souza e Silva, Edmundo and Avritzer, Alberto and Suresh, Sindhu and Trivedi, Kishor and Marie, Raymond A. and Happe, Lucia and Koziolek, Anne},
title = {Survivability Analysis of Power Distribution in Smart Grids with Active and Reactive Power Modeling},
journal = {SIGMETRICS Perform. Eval. Rev.},
volume = {40},
number = {3},
month = {Jan.},
year = {2012},
pages = {53-57},
address = {New York, USA},
}

@article {MeA14,
author = {Menasch{\'e}, Daniel Sadoc and Avritzer, Alberto and Suresh, Sindhu and Le\~{a}o, Rosa M. and de Souza e Silva, Edmundo and Diniz, Morganna and Trivedi, Kishor and Happe, Lucia and Koziolek, Anne},
title = {Assessing survivability of smart grid distribution network designs accounting for multiple failures},
journal = {Concurrency and Computation: Practice and Experience},
volume = {26},
number = {12},
pages = {1949-1974},
year = {2014},
}

@article{AcM07,
title = "Locating series {FACTS} devices for congestion management in deregulated electricity markets ",
journal = "Electric Power Syst. Research",
volume = "77",
number = "3â€“4",
pages = "352-360",
year = "2007",
author = "Naresh Acharya and N. Mithulananthan"
}

@INPROCEEDINGS{AsK11,
author={Asprou, M. and Kyriakides, E.},
booktitle={IEEE Trondheim PowerTech},
title={Optimal {PMU} placement for improving hybrid state estimator accuracy},
year={2011},
month={Jun.},
pages={1-7},
}

@TECHREPORT{EN50160,
title = {{EN} 50160, Voltage Characteristics of Electricity Supplied by Public Distribution Systems},
author={Henryk Markiewicz and Antoni Klajn},
institution = {CENELEC},
year = {2005}
}

@article{StH10,
 author = {Sterbenz, James P. G. and Hutchison, David and \c{C}etinkaya, Egemen K. and Jabbar, Abdul and Rohrer, Justin P. and Sch\"{o}ller, Marcus and Smith, Paul},
 title = {Resilience and Survivability in Communication Networks: Strategies, Principles, and Survey of Disciplines},
 journal = {Computer Networks},
 volume = {54},
 number = {8},
 month = {Jun.},
 year = {2010},
 issn = {1389-1286},
 pages = {1245-1265},
 doi = {10.1016/j.comnet.2010.03.005},
 publisher = {Elsevier North-Holland, Inc.},
 address = {New York, USA},
}

@article{Ma12,
  title={A unified definition for reliability, survivability and resilience inspired by the handicap principle and ecological stability},
  author={Ma, Zhanshan Sam},
  journal={Int. J. of Critical Infrastructures},
  volume={8},
  number={2-3},
  pages={242--272},
  year={2012},
}

@article{StC13,
year={2013},
journal={Telecommun. Syst.},
volume={52},
number={2},
title={Evaluation of network resilience, survivability, and disruption tolerance: analysis, topology generation, simulation, and experimentation},
publisher={Springer US},
author={Sterbenz, James P. G. and \c{C}etinkaya, Egemen K. and Hameed, Mahmood A. and Jabbar, Abdul and Qian, Shi and Rohrer, Justin P.},
pages={705-736},
}

@INPROCEEDINGS{YiD15,
author={Zhipeng Yi and Dohi, T.},
booktitle={IEEE 39th Computer Software and Appl. Conf.},
title={A Simulation Approach to Quantify Network Survivability on {MANETs}},
year={2015},
volume={3},
pages={268-273},
doi={10.1109/COMPSAC.2015.238},
month={Jul.}
}

@inproceedings{LiM98,
author = {Linger, Richard C. and Mead, Nancy R. and Lipson, Howard F.},
title = {Requirements Definition for Survivable Network Systems},
booktitle = {Proc. of the 3rd Int. Conf. on Requirements Eng.: Putting Requirements Eng. to Practice},
year = {1998},
isbn = {0-8186-8356-2},
pages = {14--23},
address = {Washington, DC, USA},
}

@techreport{Ch02,
title={Network survivability analysis using {Easel}},
author={Christie, Alan M},
year={2002},
institution={Software Eng. Inst. of Carnegie Mellon University}
}

@article{HoB16,
title = "A review of definitions and measures of system resilience ",
journal = "Rel. Eng. \& Syst. Safety",
volume = "145",
number = "",
pages = "47-61",
year = "2016",
note = "",
issn = "0951-8320",
doi = "http://dx.doi.org/10.1016/j.ress.2015.08.006",
author = "Seyedmohsen Hosseini and Kash Barker and Jose E. Ramirez-Marquez"
}

@INPROCEEDINGS{FaS09b,
author = {Faza, Ayman Z. and Sedigh, Sahra and McMillin, Bruce M.},
title = {Reliability Analysis for the Advanced Electric Power Grid: From Cyber Control and Communication to Physical Manifestations of Failure},
booktitle = {Proc. of the 28th Int. Conf. on Computer Safety, Rel. and Security},
year = {2009},
address = {Hamburg, Germany},
volume = {5775},
pages = {257-269},
month = {Sep.},
doi = {10.1007/978-3-642-04468-7_21},
isbn = {978-3-642-04467-0},
series = {Recipient of Best Paper Award}
}

@book{CoR79,
title={Theoretical statistics},
author={Cox, David Roxbee and Hinkley, David Victor},
year={1979},
publisher={CRC Press}
}

@ARTICLE{SoW13,
author = {Yantao Song and Bingsen Wang},
title = {Survey on Reliability of Power Electronic Systems},
journal = {IEEE Trans. Power Electron.},
year = {2013},
volume = {28},
pages = {591-604},
number = {1}
}

@MISC{PSTCA,
author = {{University of Washington}},
title = {Power Systems Test Case Archive},
howpublished = {\url{http://www.ee.washington.edu/research/pstca/}},
month = {retrieved May},
year = {2016}
}

@MISC{OE417,
author = {{Office of Electricity Delivery \& Energy Reliability, Dept. of Energy}},
title = {Electric Disturbance Events ({OE}-417) Annual Summaries},
howpublished = {\url{https://www.oe.netl.doe.gov/OE417\_annual\_summary.aspx}},
month = {retrieved Jan.},
year = {2016},
}

@book{DuM12,
Author = {Roger C. Dugan and Mark F. McGranaghan and Surya Santoso and H. Wayne Beaty},
Title = {Electrical Power Systems Quality, Third Edition},
Publisher = {McGraw-Hill Education},
Year = {2012},
}

@INPROCEEDINGS{AlS16,
author={Alobaidi, Isam A. and Sedigh Sarvestani, Sahra and Hurson, Ali R.},
booktitle={In Proc. of the 4th Int. Symp. on Resilient Cyber Syst.},
title={Survivability analysis and recovery support for smart grids},
year={2016},
month={Aug.},
address={Chicago, USA},
}

@ARTICLE{VoC09,
author = {Andrija Volkanovski and Marko Cepin and Borut Mavko},
title = {Application of the fault tree analysis for assessment of power system reliability},
journal = {Rel. Eng. \& Syst. Safety},
year = {2009},
volume = {94},
pages = {1116 - 1127},
number = {6},
doi = {10.1016/j.ress.2009.01.004}
}

@INPROCEEDINGS{MaS16a,
author = {Marashi, Koosha and Sedigh Sarvestani, Sahra and Hurson, Ali R.},
title = {Quantification and Analysis of Interdependency in Cyber-Physical Syst.},
booktitle = {Proc. of the 3rd Int. Workshop on Rel. and Security Aspects for Critical Infrastructure (ReSA4CI 2016), in
conjunction with the 46th IEEE/IFIP Int. Conf. on Dependable Syst. and Networks (DSN 2016)},
address = {Toulouse, France},
month = {Jun.},
year = {2016},
pages = {149-154},
doi = {10.1109/DSN-W.2016.47}
}

@article{NaS17,
title = "A quantitative method for assessing resilience of interdependent infrastructures",
journal = "Rel. Eng. \& Syst. Safety",
volume = "157",
pages = "35 - 53",
year = "2017",
issn = "0951-8320",
doi = "http://dx.doi.org/10.1016/j.ress.2016.08.013",
author = "Cen Nan and Giovanni Sansavini"
}
