@INPROCEEDINGS{MaS16,
author = {Marashi, Koosha and Sedigh Sarvestani, Sahra and Hurson, Ali R.},
title = {Quantification and Analysis of Interdependency in Cyber-Physical Systems},
booktitle = {Proc. of the 3rd Int. Workshop on Reliability and Security Aspects for Critical Infrastructure (ReSA4CI 2016), in
conjunction with the 46th IEEE/IFIP Int. Conf. on Dependable Systems and Networks (DSN 2016)},
address = {Toulouse, France},
month = {June},
year = {2016},
pages = {149-154},
doi = {10.1109/DSN-W.2016.47}
}

@ARTICLE{MaS18,
author = {Marashi, Koosha and Sedigh Sarvestani, Sahra and Hurson, Ali R.},
title = {Consideration of Cyber-Physical Interdependencies in Reliability Modeling of Smart Grids},
journal = {IEEE Trans. Sustain. Comput. -- Special Issue on Sustainable Cyber-Physical Systems},
pages = {73-83},
volume = {3},
number = {2},
year = {2018}
}

@ARTICLE{WoM20,
author = {Woodard, Mark and Marashi, Koosha and Sedigh Sarvestani, Sahra and Hurson, Ali R.},
title = {Survivability Evaluation and Importance Analysis for Cyber-Physical Smart Grids},
journal = {Rel. Eng. \& Syst. Safety},
year = {to appear}
}

@INPROCEEDINGS{MaS14,
author = {Marashi, Koosha and Sedigh Sarvestani, Sahra},
title = {Towards Comprehensive Modeling of Reliability for Smart Grids: Requirements
and Challenges},
booktitle = {Proc. of the 15th IEEE Int. High Assurance Syst. Eng. Symposium (HASE '14)},
year = {2014},
address = {Miami, FL},
month = {January},
pages = {105-112},
doi = {10.1109/HASE.2014.23}
}

@inproceedings{MaW13,
title={Quantitative reliability analysis for intelligent water distribution networks},
author={Marashi, Koosha and Woodard, Mark and Sedigh Sarvestani, Sahra and Hurson, Ali R.},
booktitle={Proc. of the Embedded Topical Meeting on Risk Management for Complex Socio-Technical Systems (RM4CSS), Annual Meeting of the
American Nuclear Society},
year={2013},
address = {Washington, D.C.},
month = {November}
}

@article{MaW14,
title={Quantitative reliability analysis for intelligent water distribution networks},
author={Marashi, Koosha and Woodard, Mark and Sedigh Sarvestani, Sahra and Hurson, Ali R.},
journal={Transactions of the American Nuclear Society},
year={2014}
}

@article{JaW16,
author={Jarus, Nathan and Woodard, Mark and Marashi, Koosha and Faza, Ayman and Lin, Jing and Maheshwari, Pratik and Sedigh Sarvestani, Sahra},
title={Modeling of cyber-physical systems: an introduction and survey of recent research},
journal={ACM Computing Surveys},
year={submitted}
}

@INPROCEEDINGS{AfM18,
author={M. Afshari and A. Mahajan},
booktitle={IEEE Conference on Decision and Control}, 
title={Team Optimal Decentralized State Estimation}, 
year={2018},
pages={5044-5050},
doi={10.1109/CDC.2018.8619493}
}

@article{AfM17,
title = "Static teams with common information",
journal = "IFAC-PapersOnLine",
volume = "50",
number = "1",
pages = "11926 - 11931",
year = "2017",
doi = "10.1016/j.ifacol.2017.08.1449",
author = "M. Afshari and A. Mahajan",
}

@ARTICLE{BoN09,
author = {E. Bompard and R. Napoli and F. Xue},
title = {Assessment of information impacts in power system security against
malicious attacks in a general framework },
journal = {Rel. Eng. \& Syst. Safety},
year = {2009},
volume = {94},
pages = {1087 - 1094},
number = {6},
doi = {10.1016/j.ress.2009.01.002},
issn = {0951-8320}
}

@INPROCEEDINGS{Bo10,
author = {Bose, A.},
title = {Models and techniques for the reliability analysis of the smart grid},
booktitle = {IEEE Power and Energy Soc. General Meeting},
year = {2010},
pages = {1-5},
month = {July},
doi = {10.1109/PES.2010.5589527},
issn = {1944-9925}
}

@ARTICLE{CeG13,
author = {Gianni Celli and Emilio Ghiani and Fabrizio Pilo and Gian Giuseppe
Soma},
title = {Reliability assessment in smart distribution networks},
journal = {Electric Power Systems Research },
year = {2013},
volume = {104},
pages = {164 - 175},
number = {0},
doi = {10.1016/j.epsr.2013.07.001},
issn = {0378-7796}
}

@ARTICLE{DeD09,
author = {Simon Delamare and Alpha-Amadou Diallo and Claude Chaudet},
title = {High-level modelling of critical infrastructures' interdependencies},
journal = {Int. Journal of Critical Infrastructures},
year = {2009},
volume = {5},
pages = {100-119},
number = {1/2}
}

@INPROCEEDINGS{HuW13a,
author = {Zhen Huang and Cheng Wang and Ruj, S. and Stojmenovic, M. and Nayak,
A.},
title = {Modeling cascading failures in smart power grid using interdependent
complex networks and percolation theory},
booktitle = {Proc. of 8th IEEE Conf. on Ind. Electron. and Applicat. (ICIEA)},
year = {2013},
pages = {1023-1028},
month = {June},
doi = {10.1109/ICIEA.2013.6566517}
}

@ARTICLE{HuW13b,
author = {Zhen Huang and Cheng Wang and Stojmenovic, M. and Nayak, A.},
title = {Balancing System Survivability and Cost of Smart Grid Via Modeling
Cascading Failures},
journal = {IEEE Trans. Emerging Topics in Computing},
year = {2013},
volume = {1},
pages = {45-56},
number = {1},
month = {June},
doi = {10.1109/TETC.2013.2273079},
issn = {2168-6750}
}

@INPROCEEDINGS{JiS11,
author = {Kai Jiang and Singh, C.},
title = {Reliability evaluation of a conceptual all-digital special protection
system architecture for the future smart grid},
booktitle = {IEEE Power and Energy Soc. General Meeting},
year = {2011},
pages = {1-8},
month = {July},
doi = {10.1109/PES.2011.6039445},
issn = {1944-9925}
}

@ARTICLE{Ku97,
author = {Kuhn, D. Richard},
title = {Sources of Failure in the Public Switched Telephone Network},
journal = {Computer},
year = {1997},
volume = {30},
pages = {31-36},
number = {4},
month = {April},
address = {Los Alamitos, CA, USA},
doi = {10.1109/2.585151},
issn = {0018-9162},
publisher = {IEEE Computer Society Press}
}

@INPROCEEDINGS{LuW13,
author = {Xiang Lu and Wenye Wang and Jianfeng Ma and Limin Sun},
title = {Domino of the smart grid: An empirical study of system behaviors
in the interdependent network architecture},
booktitle = {IEEE Int. Conf. on Smart Grid Commun. (SmartGridComm)},
year = {2013},
pages = {612-617},
month = {October},
doi = {10.1109/SmartGridComm.2013.6688026}
}

@ARTICLE{MoK10,
author = {Moslehi, K. and Kumar, R.},
title = {A Reliability Perspective of the Smart Grid},
journal = {IEEE Trans. Smart Grid},
year = {2010},
volume = {1},
pages = {57-64},
number = {1},
month = {June},
doi = {10.1109/TSG.2010.2046346},
issn = {1949-3053}
}

@ARTICLE{PaS08,
author = {Stefano Panzieri and Roberto Setola},
title = {Failures propagation in critical interdependent infrastructures},
journal = {Int. Journal of Modelling, Identification and Control},
year = {2008},
volume = {3},
pages = {69-78},
doi = {10.1504/IJMIC.2008.018186},
issue = {1}
}

@ARTICLE{RaB09,
author = {Hafiz Abdur Rahman and Konstantin Beznosov and Jose R. Marti},
title = {Identification of sources of failures and their propagation in critical
infrastructures from 12 years of public failure reports},
journal = {Int. Journal of Critical Infrastructures},
year = {2009},
volume = {5},
pages = {220-224},
number = {3},
doi = {10.1504/IJCIS.2009.024872}
}

@ARTICLE{RoI08,
author = {V. Rosato and L. Issacharoff and F. Tiriticco and S. Meloni and S.
De Porcellinis and R. Setola},
title = {Modelling interdependent infrastructures using interacting dynamical
models},
journal = {Int. Journal of Critical Infrastructures},
year = {2008},
volume = {4},
pages = {63-79},
number = {1/2},
doi = {10.1504/IJCIS.2008.016092}
}

@INCOLLECTION{RuC10,
author = {Ruzzante, Silvia and Castorini, Elisa and Marchei, Elena and Fioriti,
Vincenzo},
title = {A Metric for Measuring the Strength of Inter-dependencies},
booktitle = {Computer Safety, Reliability, and Security},
publisher = {Springer Berlin Heidelberg},
year = {2010},
editor = {Schoitsch, Erwin},
volume = {6351},
series = {Lecture Notes in Computer Science},
pages = {291-302},
doi = {10.1007/978-3-642-15651-9_22},
isbn = {978-3-642-15650-2}
}

@ARTICLE{SoB12,
author = {Son, S.-W. and Bizhani, G. and Christensen, C. and Grassberger,
P. and Paczuski, M.},
title = {Percolation theory on interdependent networks based on epidemic spreading},
journal = {EPL (Europhysics Letters)},
year = {2012},
volume = {97},
pages = {16006},
month = jan,
doi = {10.1209/0295-5075/97/16006},
eprint = {1109.4447},
primaryclass = {physics.data-an}
}

@ARTICLE{TaS08,
author = {T. Tanyimboh and Y. Setiadi},
title = {Sensitivity analysis of entropy-constrained designs of water distribution
systems},
journal = {Eng. Optimization},
year = {2008},
volume = {40},
pages = {439-457},
number = {5},
issn = {0305-215X}
}

@INPROCEEDINGS{VeS12,
author = {Venemans, P. and Schreuder, M.},
title = {A method for the quantitative assessment of reliability of Smart Grids},
booktitle = {CIRED Workshop, Integration of Renewables into the Distribution Grid},
year = {2012},
pages = {1-4},
month = {May},
doi = {10.1049/cp.2012.0757}
}

@INPROCEEDINGS{WaH13a,
author = {Wafler, J. and Heegaard, P.E.},
title = {Structural dependability analysis in smart grid under simultaneous
failures},
booktitle = {IEEE Int. Conf. on Smart Grid Communications (SmartGridComm)},
year = {2013},
pages = {67-72},
month = {Oct},
doi = {10.1109/SmartGridComm.2013.6687935}
}

@ARTICLE{YaQ12,
author = {Yagan, O. and Dajun Qian and Junshan Zhang and Cochran, D.},
title = {Optimal Allocation of Interconnecting Links in Cyber-Physical Systems:
Interdependence, Cascading Failures, and Robustness},
journal = {IEEE Trans. Parallel Distrib. Syst.},
year = {2012},
volume = {23},
pages = {1708-1720},
number = {9},
month = {September},
doi = {10.1109/TPDS.2012.62},
issn = {1045-9219}
}

@ARTICLE{ZhZ13,
author = {{Zhao}, J.-H. and {Zhou}, H.-J. and {Liu}, Y.-Y.},
title = {Inducing effect on the percolation transition in complex networks},
journal = {Nature Communications},
year = {2013},
volume = {4},
month = sep,
doi = {10.1038/ncomms3412}
}

@INPROCEEDINGS{AaH12,
author = {Aalamifar, F. and Hassanein, H.S. and Takahara, G.},
title = {Viability of powerline communication for the smart grid},
booktitle = {26th Biennial Symposium on Communications (QBSC)},
year = {2012},
pages = {19-23},
doi = {10.1109/QBSC.2012.6221343},
}

@ARTICLE{Am00,
author = {Amin, M.},
title = {Toward self-healing infrastructure systems},
journal = {Comput.},
year = {2000},
volume = {33},
pages = {44-53},
number = {8},
doi = {10.1109/2.863967},
issn = {0018-9162}
}

@ARTICLE{AsM97,
author = {Asgarpoor, S. and Mathine, M.J.},
title = {Reliability evaluation of distribution systems with nonexponential
down times},
journal = {IEEE Trans. Power Syst.},
year = {1997},
volume = {12},
pages = {579-584},
number = {2},
month = {May},
doi = {10.1109/59.589607},
issn = {0885-8950}
}

@ARTICLE{BeC12,
author = {Marco Beccuti and Silvano Chiaradonna and Felicita Di Giandomenico
and Susanna Donatelli and Giovanna Dondossola and Giuliana Franceschinis},
title = {Quantification of dependencies between electrical and information
infrastructures},
journal = {Int. Journal of Critical Infrastructure Protection},
year = {2012},
volume = {5},
pages = {14 - 27},
number = {1},
month = {March},
doi = {10.1016/j.ijcip.2012.01.003},
issn = {1874-5482}
}

@book{BiA96,
title={Reliability Evaluation of Power Systems},
author={Billinton, R. and Allan, R. N. },
isbn={978-0-306-45259-8},
year={1996},
publisher={Springer}
}


@BOOK{BiA88,
title = {Reliability Assessment of Large Electric Power Systems},
publisher = {Springer},
year = {1988},
author = {Billinton, R. and Allan, R. N.},
series = {Power Electronics and Power Systems},
isbn = {9780898382662}
}

@INPROCEEDINGS{CaD11,
author = {Cardoso, J. and Derler, P. and Eidson, J.C. and Lee, E.A.},
title = {Network latency and packet delay variation in cyber-physical systems},
booktitle = {Network Science Workshop (NSW), 2011 IEEE},
year = {2011},
pages = {51-58},
doi = {10.1109/NSW.2011.6004658}
}

@INPROCEEDINGS{CrG07,
author = {Crenshaw, T.L. and Gunter, E. and Robinson, C.L. and Sha, L. and
Kumar, P.R.},
title = {The Simplex Reference Model: Limiting Fault-Propagation Due to Unreliable
Components in Cyber-Physical System Architectures},
booktitle = {Proc. of the 28th IEEE International Real-Time Systems Symposium
(RTSS '07)},
year = {2007},
pages = {400-412},
month = {December}
}

@INPROCEEDINGS{De05,
author = {Dekker, Anthony H.},
title = {Simulating network robustness for critical infrastructure networks},
booktitle = {Proc. of the Twenty-eighth Australasian conference on Computer
Science - Volume 38},
year = {2005},
series = {ACSC '05},
pages = {59-67},
address = {Darlinghurst, Australia, Australia},
publisher = {Australian Computer Society, Inc.},
isbn = {1-920-68220-1},
location = {Newcastle, Australia}
}

@INPROCEEDINGS{GiA12,
author = {Della Giustina, D. and Andersson, L. and Casirati, C. and Zanini,
S. and Cremaschini, L.},
title = {Testing the Broadband Power Line communication for the Distribution
grid management in a real operational environment},
booktitle = {Int. Symposium on Power Electronics, Electrical Drives, Automation and Motion (SPEEDAM)},
year = {2012},
pages = {785-789},
doi = {10.1109/SPEEDAM.2012.6264631}
}

@ARTICLE{DeL12,
author = {Derler, P. and Lee, E.A. and Vincentelli, A.S.},
title = {Modeling Cyber-Physical Systems},
journal = {Proc. of the IEEE},
year = {2012},
volume = {100},
pages = {13-28},
number = {1},
doi = {10.1109/JPROC.2011.2160929},
issn = {0018-9219}
}

@ARTICLE{DiS88,
author = {Dichirico, C. and Singh, C.},
title = {Reliability analysis of transmission lines with common mode failures
when repair times are arbitrarily distributed},
journal = {IEEE Trans. Power Syst.},
year = {1988},
volume = {3},
pages = {1012-1019},
number = {3},
month = {August},
doi = {10.1109/59.14555},
issn = {0885-8950}
}

@INPROCEEDINGS{Do12,
author = {Dominguez-Garcia, A.D.},
title = {Reliability modeling of cyber-physical electric power systems: A
system-theoretic framework},
booktitle = {IEEE Power and Energy Soc. General Meeting},
year = {2012},
pages = {1-5},
address = {San Diego, CA},
month = {July},
doi = {10.1109/PESGM.2012.6345518},
issn = {1944-9925}
}

@ARTICLE{EkJ03,
author = {Eker, J. and Janneck, J.W. and Lee, E.A. and Jie Liu and Xiaojun
Liu and Ludvig, J. and Neuendorffer, S. and Sachs, S. and Yuhong
Xiong},
title = {Taming heterogeneity - the Ptolemy approach},
journal = {Proc. of the IEEE},
year = {2003},
volume = {91},
pages = {127-144},
number = {1},
doi = {10.1109/JPROC.2002.805829},
issn = {0018-9219}
}

@ARTICLE{EnB88,
author = {Endrenyi, J. and Bhavaraju, M.P. and Clements, K.A. and Dhir, K.J.
and McCoy, M.F. and Medicherla, K. and Reppen, N.D. and Saluaderi,
L.A. and Shahidehpour, S.M. and Singh, C. and Stratton, J.A.},
title = {Bulk power system reliability concepts and applications},
journal = {IEEE Trans. Power Syst.},
year = {1988},
volume = {3},
pages = {109-117},
number = {1},
month = {February},
doi = {10.1109/59.43188},
issn = {0885-8950}
}

@ARTICLE{Er10,
author = {Ericsson, G.N.},
title = {Cyber Security and Power System Communication-Essential Parts of
a Smart Grid Infrastructure},
journal = {IEEE Transactions on Power Delivery},
year = {2010},
volume = {25},
pages = {1501-1507},
number = {3},
doi = {10.1109/TPWRD.2010.2046654},
issn = {0885-8977}
}

@INCOLLECTION{FaS10,
author = {Faza, Ayman and Sedigh Sarvestani, Sahra and McMillin, Bruce},
title = {Integrated Cyber-Physical Fault Injection for Reliability Analysis
of the Smart Grid},
booktitle = {Proc. of the 29th Int. Conf. on Computer Safety, Rel. and Security
(SAFECOMP)},
year = {2010},
volume = {6351},
pages = {277-290},
doi = {10.1007/978-3-642-15651-9_21},
isbn = {978-3-642-15650-2}
}

@INPROCEEDINGS{FaS09a,
author = {Faza, A.Z. and Sedigh Sarvestani, Sahra and McMillin, B.M.},
title = {Reliability Modeling for the Advanced Electric Power Grid: A Proposal
for Doctoral Research},
booktitle = {Computer Software and Applications Conference, 2009. COMPSAC '09.
33rd Annual IEEE International},
year = {2009},
volume = {1},
pages = {672-675},
doi = {10.1109/COMPSAC.2009.104},
issn = {0730-3157}
}

@INPROCEEDINGS{FaS09b,
author = {Faza, Ayman Z. and Sedigh Sarvestani, Sahra and McMillin, Bruce M.},
title = {Reliability Analysis for the Advanced Electric Power Grid: From Cyber
Control and Communication to Physical Manifestations of Failure},
booktitle = {Proc. of the 28th Int. Conf. on Computer Safety, Rel. and Security
(SAFECOMP)},
year = {2009},
address = {Hamburg, Germany},
volume = {5775},
pages = {257-269},
month = {September},
doi = {10.1007/978-3-642-04468-7_21},
isbn = {978-3-642-04467-0},
series = {Recipient of Best Paper Award}
}

@INPROCEEDINGS{FaS08a,
year={2008},
month = {September},
isbn={978-3-540-87697-7},
booktitle = {Proc. of the 27th Int. Conf. on Computer Safety, Rel. and Security
(SAFECOMP)},
volume={5219},
address={Newcastle, UK},
doi={10.1007/978-3-540-87698-4_35},
title={The Advanced Electric Power Grid: Complexity Reduction Techniques for Reliability Modeling},
author={Faza, Ayman Z. and Sedigh Sarvestani, Sahra and McMillin, Bruce M.},
pages={429-439}
}

@INPROCEEDINGS{FaS07,
author = {Faza, AymanZ. and Sedigh Sarvestani, Sahra and McMillin, BruceM.},
title = {Reliability Modeling for the Advanced Electric Power Grid},
booktitle = {Proc. of the 26th Int. Conf. on Computer Safety,
Rel. and Security (SAFECOMP)},
year = {2007},
volume = {4680},
pages = {370-383},
month = {September},
doi = {10.1007/978-3-540-75101-4_35},
isbn = {978-3-540-75100-7}
}

@ARTICLE{HaL10,
author = {Haakana, J. and Lassila, J. and Kaipia, T. and Partanen, J.},
title = {Comparison of Reliability Indices From the Perspective of Network
Automation Devices},
journal = {IEEE Trans. Power Del.},
year = {2010},
volume = {25},
pages = {1547-1555},
number = {3},
month = {May},
doi = {10.1109/TPWRD.2010.2048131},
issn = {0885-8977}
}

@ARTICLE{HuL14,
author = {Chun-Nen Huang and James J.H. Liou and Yen-Ching Chuang},
title = {A method for exploring the interdependencies and importance of critical
infrastructures},
journal = {Knowledge-Based Syst.},
year = {2014},
volume = {55},
pages = {66-74},
issn = {0950-7051}
}

@INPROCEEDINGS{IlX08,
author = {Ilic, Marija D. and Xie, Le and Khan, Usman A. and Moura, Jos\'{e} M.F.},
title = {Modeling future cyber-physical energy systems},
booktitle = {Proc. of the IEEE Power and Energy Society General Meeting - Conversion and Delivery of Electrical Energy in the 21st Century},
year = {2008},
pages = {1-9},
doi = {10.1109/PES.2008.4596708},
issn = {1932-5517}
}

@INPROCEEDINGS{KiR09,
author = {Kikkert, C.J. and Reid, G.D.},
title = {Is broadband over power-lines dead?},
booktitle = {Telecommunication Networks and Applications Conference (ATNAC), 2009
Australasian},
year = {2009},
pages = {1-6},
doi = {10.1109/ATNAC.2009.5464956}
}

@BOOK{KuZ03,
title = {Optimal Reliability Modeling: Principles and Applications},
publisher = {Wiley},
year = {2003},
author = {Kuo, W. and Zuo, M.J.},
isbn = {9780471275459}
}

@INCOLLECTION{LaK07,
author = {Jean-Claude Laprie and Karama Kanoun and Mohamed Ka{\^a}niche},
title = {Modelling interdependencies between the electricity and information
infrastructures},
booktitle={Proc. of the 26th Int. Conf. on Computer Safety, Rel. and Security
(SAFECOMP)},
year = {2007},
volume = {4680},
pages = {54-67},
doi = {10.1007/978-3-540-75101-4_5},
isbn = {978-3-540-75100-7}
}

@INPROCEEDINGS{Le08,
author = {Lee, Edward A.},
title = {Cyber Physical Systems: Design Challenges},
booktitle = {Proc. of the 2008 11th IEEE Symposium on Object Oriented Real-Time
Distributed Computing},
year = {2008},
series = {ISORC '08},
pages = {363-369},
address = {Washington, DC, USA},
publisher = {IEEE Computer Society},
doi = {10.1109/ISORC.2008.25},
isbn = {978-0-7695-3132-8},
}

@INPROCEEDINGS{LiD11,
author = {Xiangjun Li and Dwivedi, A. and Xinghuo Yu},
title = {Assessing cascading failure in power networks based on power line
correlations},
booktitle = {Proc. of the 4th International Conference on Power Engineering,
Energy and Electrical Drives (POWERENG)},
year = {2011},
pages = {1-6},
doi = {10.1109/PowerEng.2011.6036511},
issn = {2155-5516}
}

@ARTICLE{MaN13,
author = {Stefano Marrone and Roberto Nardone and Annarita Tedesco and Pasquale
D'Amore and Valeria Vittorini and Roberto Setola and Francesca De
Cillis and Nicola Mazzocca},
title = {Vulnerability modeling and analysis for critical infrastructure protection
applications },
journal = {Int. Journal of Critical Infrastructure Protection},
year = {2013},
volume = {6},
pages = {217 - 227},
issue = {3-4},
issn = {1874-5482}
}

@ARTICLE{McC07,
author = {Timothy McDaniels and Stephanie Chang and Krista Peterson and Joey
Mikawoz and Dorothy Reed},
title = {Empirical Framework for Characterizing Infrastructure Failure Interdependencies},
journal = {Journal of Infrastructure Syst.},
year = {2007},
volume = {13},
pages = {175-184},
month = {September}
}

@ARTICLE{Mi05,
author = {Milano, F.},
title = {An Open Source Power System Analysis Toolbox},
journal = {IEEE Trans. Power Syst.},
year = {2005},
volume = {20},
pages = {1199-1206},
number = {3},
month = {August},
doi = {10.1109/TPWRS.2005.851911},
issn = {0885-8950}
}

@ARTICLE{MiG13,
author = {Miles, S. and Gallagher, H. and Huxford, C.},
title = {Restoration and Impacts from the {S}eptember 8, 2011 {S}an {D}iego
Power Outage},
journal = {Journal of Infrastructure Syst.},
year = {2013},
volume = {19},
number = {3},
doi = {10.1061/(ASCE)IS.1943-555X.0000176}
}

@ARTICLE{Ou14,
author = {Min Ouyang},
title = {Review on modeling and simulation of interdependent critical infrastructure
systems},
journal = {Rel. Eng. \& Syst. Safety},
year = {2014},
volume = {121},
pages = {43 - 60},
number = {0},
issn = {0951-8320}
}

@INPROCEEDINGS{Ri04,
author = {Rinaldi, S.M.},
title = {Modeling and simulating critical infrastructures and their interdependencies},
booktitle = {Proc. of the 37th Annu. Hawaii Int. Conf. on Syst. Sci.},
year = {2004},
doi = {10.1109/HICSS.2004.1265180}
}

@ARTICLE{ScR07,
author = {Schulman, Paul R. and Roe, Emery},
title = {Designing Infrastructures: Dilemmas of Design and the Reliability
of Critical Infrastructures},
journal = {Journal of Contingencies and Crisis Management},
year = {2007},
volume = {15},
pages = {42-49},
number = {1},
issn = {1468-5973},
publisher = {Blackwell Publishing Ltd}
}

@INPROCEEDINGS{ShR08,
author = {Shaheen, H. I. and Rashed, G.I. and Cheng, S.J.},
title = {Optimal location and parameters setting of {U}{P}{F}{C} based on
{G}{A} and {P}{S}{O} for enhancing power system security under single
contingencies},
booktitle = {2008 IEEE Power and Energy Society General Meeting - Conversion and
Delivery of Electrical Energy in the 21st Century},
year = {2008},
pages = {1-8},
address = {Pittsburgh, PA},
month = {July},
doi = {10.1109/PES.2008.4596594},
issn = {1932-5517}
}

@INPROCEEDINGS{ShW11,
author = {Jianhua Shi and Jiafu Wan and Hehua Yan and Hui Suo},
title = {A survey of Cyber-Physical Systems},
booktitle = {Wireless Communications and Signal Processing (WCSP), 2011 International
Conference on},
year = {2011},
pages = {1-6},
doi = {10.1109/WCSP.2011.6096958}
}

@ARTICLE{SiL85,
author = {Singh, C. and Lago-Gonzalez, A.},
title = {Reliability Modeling of Generation Systems Including Unconventional
Energy Sources},
journal = {IEEE Trans. Power App. Syst.},
year = {1985},
volume = {PAS-104},
pages = {1049-1056},
number = {5},
month = {May},
doi = {10.1109/TPAS.1985.323455},
issn = {0018-9510}
}

@INPROCEEDINGS{SoH08,
author = {Sookoor, Tamim I. and Hnat, Timothy W. and Whitehouse, Kamin},
title = {Programming cyber-physical systems with MacroLab},
booktitle = {Proc. of the 6th ACM Conference on Embedded Network Sensor
Systems, SenSys '08},
year = {2008},
pages = {363-364},
address = {New York, NY, USA},
publisher = {ACM},
doi = {http://doi.acm.org/10.1145/1460412.1460453},
isbn = {978-1-59593-990-6},
location = {Raleigh, NC, USA}
}

@INPROCEEDINGS{Sz07,
author = {Sztipanovits, J.},
title = {Composition of Cyber-Physical Systems},
booktitle = {Engineering of Computer-Based Systems, 2007. ECBS '07. 14th Annual
IEEE International Conference and Workshops on the},
year = {2007},
pages = {3-6},
doi = {10.1109/ECBS.2007.25}
}

@ARTICLE{TaG08,
author = {Tan, Ying and Goddard, Steve and P\'{e}rez, Lance C.},
title = {A prototype architecture for cyber-physical systems},
journal = {ACM SIGBED Review},
year = {2008},
volume = {5},
pages = {1-2},
number = {1},
address = {New York, NY, USA},
doi = {http://doi.acm.org/10.1145/1366283.1366309},
publisher = {ACM}
}

@ARTICLE{VoC09,
author = {Andrija Volkanovski and Marko Cepin and Borut Mavko},
title = {Application of the fault tree analysis for assessment of power system
reliability},
journal = {Rel. Eng. \& Syst. Safety},
year = {2009},
volume = {94},
pages = {1116 - 1127},
number = {6},
doi = {10.1016/j.ress.2009.01.004},
issn = {0951-8320}
}

@ARTICLE{WaL10,
author = {Yang Wang and Wenyuan Li and Jiping Lu},
title = {Reliability Analysis of Wide-Area Measurement System},
journal = {IEEE Transactions on Power Delivery},
year = {2010},
volume = {25},
pages = {1483-1491},
number = {3},
month = {March},
doi = {10.1109/TPWRD.2010.2041797},
issn = {0885-8977}
}

@ARTICLE{WaV08,
author = {Wang, Yunbo and Vuran, Mehmet C. and Goddard, Steve},
title = {Cyber-physical systems in industrial process control},
journal = {ACM SIGBED Review},
year = {2008},
volume = {5},
pages = {1-2},
number = {1},
address = {New York, NY, USA},
doi = {http://doi.acm.org/10.1145/1366283.1366295},
owner = {Koosha},
publisher = {ACM},
timestamp = {2013.07.18}
}

@ARTICLE{Wo09a,
author = {Wolf, Wayne},
title = {Cyber-physical Systems},
journal = {Computer},
year = {2009},
volume = {42},
pages = {88-89},
number = {3},
month = {March},
address = {Los Alamitos, CA, USA},
doi = {10.1109/MC.2009.81},
issn = {0018-9162},
publisher = {IEEE Computer Society Press}
}

@INPROCEEDINGS{Wo04,
author = {Wolthusen, S.D.},
title = {Modeling critical infrastructure requirements},
booktitle = {Proc. from the Fifth Annu. IEEE SMC Inform. Assurance Workshop},
year = {2004},
pages = {101-108}
}

@INPROCEEDINGS{WoY08,
author = {Woo, H. and Yi, J. and Browne, J.C. and Mok, A.K. and Atkins, E.
and Xie, F},
title = {Design and Development Methodology for Resilient Cyber-Physical Systems},
year = {2008},
pages = {525-528},
month = {June},
journal = {28th International Conference on Distributed Computing Systems Workshops
ICDCS '08}
}

@INPROCEEDINGS{XiI08,
author = {Le Xie and Ilic, M.D.},
title = {Module-Based Modeling of Cyber-Physical Power Systems},
booktitle = {Distributed Computing Systems Workshops, 2008. ICDCS '08. 28th International
Conference on},
year = {2008},
pages = {513-518},
doi = {10.1109/ICDCS.Workshops.2008.131},
issn = {1545-0678}
}

@ARTICLE{Zi07,
author = {Zio, E.},
title = {From complexity science to reliability efficiency: A New Way of Looking
at Complex Network Systems and Critical Infrastructures},
journal = {International Journal of Critical Infrastructures},
year = {2007},
volume = {3},
pages = {488-508},
number = {3},
month = {January}
}

@ARTICLE{ZiG12,
author = {E. Zio and L.R. Golea},
title = {Analyzing the topological, electrical and reliability characteristics
of a power transmission system for identifying its critical elements},
journal = {Rel. Eng. \& Syst. Safety},
year = {2012},
volume = {101},
pages = {67 - 74},
number = {0},
month = {May},
doi = {10.1016/j.ress.2011.11.009},
issn = {0951-8320}
}

@ARTICLE{ZiK09,
author = {Zio, Enrico and Kroger, W},
title = {Vulnerability assessment of critical infrastructures},
journal = {IEEE Rel. Soc. Annu. Technology Rep.},
year = {2009}
}

@TECHREPORT{Grid2030,
title = {Grid 2030: A National Vision for Electricity's Second 100 Years},
institution = {United States Department of Energy Office of Electric Transmission
and Distribution},
year = {2003}
}

@BOOK{AcA04,
title = {FACTS: Modelling and Simulation in Power Networks},
publisher = {Wiley},
year = {2004},
author = {Acha, E. and Ambriz-P{\'e}rez, H. and Fuerte-Esquivel, C.R. and Angeles-Camacho,
C.},
__markedentry = {[Koosha:6]},
isbn = {9780470020159},
owner = {Koosha},
timestamp = {2013.07.15}
}

@ARTICLE{BaM93,
author = {Baldwin, T.L. and Mili, L. and Boisen, M. B., Jr. and Adapa, R.},
title = {Power system observability with minimal phasor measurement placement},
journal = {IEEE Trans. Power Syst.},
year = {1993},
volume = {8},
pages = {707-715},
number = {2},
month = {May},
doi = {10.1109/59.260810},
issn = {0885-8950}
}

@ARTICLE{BeN05,
author = {Begovic, M. and Novosel, D. and Karlsson, D. and Henville, C. and
Michel, G.},
title = {Wide-Area Protection and Emergency Control},
journal = {Proc. of the IEEE},
year = {2005},
volume = {93},
pages = {876-891},
number = {5},
month = {May},
doi = {10.1109/JPROC.2005.847258},
issn = {0018-9219}
}

@ARTICLE{DuH13,
author = {Duffey, R.B. and Taesung Ha},
title = {The Probability and Timing of Power System Restoration},
journal = {IEEE Trans. Power Syst.},
year = {2013},
volume = {28},
pages = {3-9},
number = {1},
doi = {10.1109/TPWRS.2012.2203832},
issn = {0885-8950}
}

@ARTICLE{FaS13a,
author = {A. Faza and Sedigh Sarvestani, Sahra and B. McMillin},
title = {An integrated cyber-physical reliability model for the Smart Grid},
journal = {Rel. Eng. and Syst. Safety},
year = {under review}
}

@ARTICLE{FaS13b,
author = {A. Faza and Sedigh Sarvestani, Sahra and B. McMillin},
title = {A case study in quantitative analysis of cyber-physical systems:
reliability of the electric power grid},
journal = {IEEE Trans. Reliab.},
year = {under review}
}

@article{LiS11,
title = {Integrated Cyber-physical Simulation of Intelligent Water Distribution Networks},
journal = {Scientic and Engineering Applications Using MATLAB},
chapter = {7},
author = {Lin, J. and Sedigh Sarvestani, Sahra and Miller, A.},
year = {2011}
}

@INPROCEEDINGS{LiS12,
author = {J. Lin and Sedigh Sarvestani, Sahra and A. R. Hurson},
title = {Ontologies and Decision Support for Failure Mitigation in Intelligent
Water Distribution Networks},
booktitle = {Proc. of the 45th Hawaii International Conference on System
Sciences (HICSS-45)},
year = {2012},
address = {Grand Wailea, Maui, Hawaii},
month = {January}
}

@BOOK{Ma05,
title = {Powering Up the Smart Grid: A Northwest Initiative for Job Creation,
Energy Security and Clean, Affordable Electricity},
publisher = {Climate Solutions},
year = {2005},
author = {Mazza, P. and {Climate Solutions (Organization)}}
}

@ARTICLE{NgG08,
author = {Nguyen, T. T. and Gianto, R.},
title = {Neural networks for adaptive control coordination of {PSSs} and {FACTS
} devices in multimachine power system},
journal = {Generation, Transmission Distribution, IET},
year = {2008},
volume = {2},
pages = {355-372},
number = {3},
doi = {10.1049/iet-gtd:20070125},
issn = {1751-8687}
}

@INPROCEEDINGS{PyL97,
author = {Pyy, P. and Laakso, K. and Reiman, L.},
title = {A study on human errors related to {NPP} maintenance activities},
booktitle = {Human Factors and Power Plants, 1997. Global Perspectives of Human
Factors in Power Generation., Proc. of the 1997 IEEE Sixth
Conference on},
year = {1997},
pages = {12/23-12/28},
doi = {10.1109/HFPP.1997.624871}
}

@INPROCEEDINGS{QiH07,
author = {Wei Qiao and Harley, R.G. and Venayagamoorthy, G.K.},
title = {Neural-network-based intelligent control for improving dynamic performance
of FACTS devices},
booktitle = {Bulk Power System Dynamics and Control - VII. Revitalizing Operational
Reliability, 2007 iREP Symposium},
year = {2007},
pages = {1-9},
doi = {10.1109/IREP.2007.4410550}
}

@INPROCEEDINGS{QiM12,
author = {Qin, W. and Meng, F. and Zhang, W. and Zhang, J.},
title = {Transmission lines operating reliability evaluation based on real-time
power flow},
booktitle = {Proc. of the 10th International Power and Energy Conference
(IPEC)},
year = {2012},
pages = {606-610},
address = {Ho Chi Minh City},
month = {December},
doi = {10.1109/ASSCC.2012.6523337}
}

@INPROCEEDINGS{RaC09,
author = {Rajderkar, V. P. and Chandrakar, V. K.},
title = {Comparison of Series {FACTS} Devices Via Optimal Location in a Power
System for Congestion Management},
booktitle = {Asia-Pacific Power and Energy Eng. Conf.},
year = {2009},
pages = {1-5},
doi = {10.1109/APPEEC.2009.4918227}
}

@ARTICLE{SoW13,
author = {Yantao Song and Bingsen Wang},
title = {Survey on Reliability of Power Electronic Systems},
journal = {IEEE Trans. Power Electron.},
year = {2013},
volume = {28},
pages = {591-604},
number = {1},
doi = {10.1109/TPEL.2012.2192503},
issn = {0885-8993}
}

@ARTICLE{VaL00,
author = {Vaahedi, E. and Wenyuan Li and Chia, T. and Dommel, H.},
title = {Large scale probabilistic transient stability assessment using {B.C.}
{H}ydro's on-line tool},
journal = {Power Systems, IEEE Transactions on},
year = {2000},
volume = {15},
pages = {661-667},
number = {2},
doi = {10.1109/59.867156},
issn = {0885-8950}
}

@INPROCEEDINGS{VaS11,
author = {Varshney, Sarika and Srivastava, Laxmi and Pandit, Manjaree},
title = {Comparison of {PSO} models for optimal placement and sizing of {STATCOM}},
booktitle = {Int. Conf. on Sustainable Energy and Intell. Syst. (SEISCON)},
year = {2011},
pages = {346-351},
doi = {10.1049/cp.2011.0387}
}

@INPROCEEDINGS{ViK07,
author = {Vijayakumar, K. and Kumudinidevi, R. P. and Suchithra, D.},
title = {A Hybrid Genetic Algorithm for Optimal Power Flow Incorporating FACTS
Devices},
booktitle = {Int. Conf. on Computational Intell. and Multimedia Applicat.},
year = {2007},
volume = {1},
pages = {463-467},
doi = {10.1109/ICCIMA.2007.355}
}

@ARTICLE{WaX11,
author = {Wang, Wenye and Xu, Yi and Khanna, Mohit},
title = {A survey on the communication architectures in smart grid},
journal = {Comput. Netw.},
year = {2011},
volume = {55},
pages = {3604-3629},
number = {15},
month = oct,
address = {New York, NY, USA},
doi = {10.1016/j.comnet.2011.07.010},
issn = {1389-1286}
}

@BOOK{LaA92,
title = {Dependability: Basic Concepts and Terminology},
publisher = {Springer-Verlag New York, Inc.},
year = {1992},
editor = {Laprie, J.C. C. and Avizienis, A. and Kopetz, H.},
address = {Secaucus, NJ, USA},
isbn = {0387822968}
}

@TECHREPORT{NIST10,
title = {{N}{I}{S}{T} Framework and Roadmap for Smart Grid Interoperability
Standards, Release 1.0},
institution = {National Institute of Standards and Technology},
year = {2010},
month = {January}
}

@MISC{ITU-T08,
title = {{ITU-T} Recommendation {E}.800. {Q}uality of Telecommunication Services:
Concepts, Models, Objectives and Dependability Planning. {T}erms
and Definitions Related to the Quality of Telecommunication Services},
month = {September},
year = {2008}
}

@TECHREPORT{NETL06,
title = {{Modern Grid v1.0: A Systems View of the Modern Grid: Appendix B2:
Advanced Sensing, Metering, and Measurement}},
institution = {National Energy Technology Laboratory},
year = {2007},
month = {March}
}

@TECHREPORT{A14Rp,
title = {Final Report on the {A}ugust 14, 2003 Blackout in the {U}nited {S}tates
and {C}anada: Causes and Recommendations},
institution = {{U}.{S}.-{C}anada Power System Outage Task Force},
year = {2004},
month = {April}
}

@ARTICLE{IEEE01,
title = {I{E}{E}{E} Recommended Practice for Data Communications Between Remote
Terminal Units and Intelligent Electronic Devices in a Substation},
journal = {IEEE Std 1379-2000},
year = {2001},
pages = {1-72},
doi = {10.1109/IEEESTD.2001.92412}
}

@article{XiM07,
title = "Reliability analysis of hierarchical computer-based systems subject to common-cause failures",
journal = "Rel. Eng. \& Syst. Safety",
volume = "92",
number = "3",
pages = "351-359",
year = "2007",
issn = "0951-8320",
doi = "10.1016/j.ress.2006.04.010",
author = "Liudong Xing and Leila Meshkat and Susan K. Donohue"
}

@article{FiX15,
title = "Discrete and continuous reliability models for systems with identically distributed correlated components ",
journal = "Rel. Eng. \& Syst. Safety",
volume = "133",
number = "0",
pages = "1-10",
year = "2015",
issn = "0951-8320",
doi = "10.1016/j.ress.2014.08.004",
author = "Lance Fiondella and Liudong Xing"
}

@INPROCEEDINGS{RoC07,
author={Romani, F. and Chiaradonna, S. and Di Giandomenico, F. and Simoncini, L.},
booktitle={Proc. of the 10th IEEE International High Assurance Systems
Engineering Symposium (HASE '07)},
title={Simulation Models and Implementation of a Simulator for the Performability Analysis of Electric Power Systems Considering Interdependencies},
year={2007},
month={November},
pages={305-312},
doi={10.1109/HASE.2007.24},
ISSN={1530-2059}
}

@article{TzH12,
year={2012},
issn={0254-5330},
journal={Annals of Operations Research},
volume={197},
number={1},
doi={10.1007/s10479-010-0829-4},
title={Combined {DEMATEL} technique with hybrid {MCDM} methods for creating the aspired intelligent global manufacturing \& logistics systems},
publisher={Springer US},
author={Tzeng, Gwo-Hshiung and Huang, Chi-Yo},
pages={159-190},
}

@ARTICLE{BuP10,
author = {Buldyrev, Sergey V. and Parshani, Roni and Paul, Gerald and Stanley,
H. Eugene and Havlin, Shlomo},
title = {Catastrophic cascade of failures in interdependent networks},
journal = {Nature},
year = {2010},
volume = {464},
pages = {1025-1028},
number = {7291},
month = {April},
comment = {10.1038/nature08932},
issn = {0028-0836},
publisher = {Macmillan Publishers Limited. All rights reserved}
}

@article{PaB11,
author = {Parshani, Roni and Buldyrev, Sergey V. and Havlin, Shlomo},
title = {Critical effect of dependency groups on the function of networks},
volume = {108},
number = {3},
pages = {1007-1010},
year = {2011},
doi = {10.1073/pnas.1008404108},
journal = {Proc. of the National Academy of Sciences}
}

@incollection{WaH13b,
year={2013},
isbn={978-3-642-40551-8},
booktitle={Advances in Communication Networking},
volume={8115},
doi={10.1007/978-3-642-40552-5_17},
title={Interdependency Modeling in Smart Grid and the Influence of {ICT} on Dependability},
author={Wafler, Jonas and Heegaard, Poul E.},
pages={185-196}
}

@incollection{SvW12,
year={2012},
isbn={978-3-642-28919-4},
booktitle={Critical Infrastructure Protection},
volume={7130},
series={Lecture Notes in Computer Science},
editor={Lopez, Javier and Setola, Roberto and Wolthusen, StephenD.},
doi={10.1007/978-3-642-28920-0_5},
title={Modelling Approaches},
publisher={Springer Berlin Heidelberg},
author={Svendsen, NilsKalstad and Wolthusen, StephenD.},
pages={68-97}
}

@ARTICLE{FaY12,
author={Falahati, B. and Yong Fu and Lei Wu},
journal={IEEE Trans. Smart Grid},
title={Reliability Assessment of Smart Grid Considering Direct Cyber-Power Interdependencies},
year={2012},
month={September},
volume={3},
number={3},
pages={1515-1524},
doi={10.1109/TSG.2012.2194520},
ISSN={1949-3053}
}

@ARTICLE{FaY14,
author={Falahati, B. and Yong Fu},
journal={IEEE Trans. Smart Grid},
title={Reliability Assessment of Smart Grids Considering Indirect Cyber-Power Interdependencies},
year={2014},
month={July},
volume={5},
number={4},
pages={1677-1685},
doi={10.1109/TSG.2014.2310742},
ISSN={1949-3053}
}

@ARTICLE{AvL04,
author={Avizienis, A. and Laprie, J.-C. and Randell, B. and Landwehr, C.},
journal={IEEE Trans. Dependable Secure Comput.},
title={Basic concepts and taxonomy of dependable and secure computing},
year={2004},
month={January},
volume={1},
number={1},
pages={11-33},
doi={10.1109/TDSC.2004.2},
ISSN={1545-5971}
}

@article{StH10,
author = {Sterbenz, James P. G. and Hutchison, David and \c{C}etinkaya, Egemen K. and Jabbar, Abdul and Rohrer, Justin P. and Sch\"{o}ller, Marcus and Smith, Paul},
title = {Resilience and Survivability in Communication Networks: Strategies, Principles, and Survey of Disciplines},
journal = {Computer Networks},
volume = {54},
number = {8},
month = {June},
year = {2010},
issn = {1389-1286},
pages = {1245-1265},
numpages = {21},
doi = {10.1016/j.comnet.2010.03.005},
publisher = {Elsevier North-Holland, Inc.},
address = {New York, NY, USA}
}

@article{FiS14,
title = "A modeling framework for the resilience analysis of networked systems-of-systems based on functional dependencies",
journal = "Rel. Eng. \& Syst. Safety",
volume = "125",
number = "0",
pages = "82 - 91",
year = "2014",
issn = "0951-8320",
doi = "10.1016/j.ress.2013.09.010",
author = "Roberto Filippini and Andrés Silva"
}


@article{SiF11,
title={{Infrastructure Resilience-oriented Modelling Language}: {I}{\textregistered}{ML} A proposal for modelling infrastructures and their connections},
author={Silva Vazquez, Andr{\'e}s and Filippini, Roberto},
journal={JRC Scientific and Technical Reports},
pages={3-34},
year={2011},
publisher={Publications Office of the European Union}
}

@book{Sa01,
title={Decision making with dependence and feedback: The analytic network process},
author={Saaty, Thomas Lorie},
isbn={9780962031793},
year={2001},
publisher={RWS Publications}
}

@INPROCEEDINGS{CaG08,
year={2008},
isbn={978-0-387-88522-3},
booktitle={Critical Infrastructure Protection II},
volume={290},
doi={10.1007/978-0-387-88523-0_16},
title={Metrics For Quantifying Interdependencies},
author={Casalicchio, Emiliano and Galli, Emanuele},
pages={215-227}
}

@MISC{SCADA-WA,
author = {{Department of Ecology, State of Washington}},
title = {{SCADA} systems for measuring and managing water}
}

@INPROCEEDINGS{DaD04,
author = {Tina Dasic and Branislav Djordjevic},
title = {Method for Water Distribution Systems Reliability Evaluation},
booktitle = {International Congress on Environmental Modelling and Software {(iEMSs)}},
year = {2004}
}

@ARTICLE{JuL07,
author = {Hwandon Jun and G. V. Loganathan and A. K. Deb and W. Grayman and
J. Snyder},
title = {Valve Distribution and Impact Analysis in Water Distribution Systems
},
journal = {Journal of Environmental Engineering},
year = {2007},
volume = {133},
pages = {790-799},
month = {August}
}

@ARTICLE{EzF00,
author = {Barry C. Ezell and John V. Farr and Ian Wiese},
title = {Infrastructure Risk Analysis Model},
journal = {Journal of Infrastructure Systems},
year = {2000},
volume = {6},
pages = {114-117},
month = {September}
}

@ARTICLE{WaS88a,
author = {Wagner, J. and Shamir, U. and Marks, D.},
title = {Water Distribution Reliability: Analytical Methods},
journal = {Journal of Water Resources Planning and Management},
year = {1988},
volume = {114},
pages = {253-275},
number = {3},
doi = {10.1061/(ASCE)0733-9496(1988)114:3(253)}
}

@ARTICLE{WaS88b,
author = {Wagner, J. and Shamir, U. and Marks, D.},
title = {Water Distribution Reliability: Simulation Methods},
journal = {Journal of Water Resources Planning and Management},
year = {1988},
volume = {114},
pages = {276-294},
number = {3},
doi = {10.1061/(ASCE)0733-9496(1988)114:3(276)}
}

@INPROCEEDINGS{Ma96,
author = {Larry W. Mays},
title = {Review of reliability analysis of water distribution systems},
booktitle = {Proc. of the 7th Int. Association of Hydro-Environment
Eng. and Research (IAHR) Symposium},
year = {1996},
pages = {53-60},
address = {Queensland, Australia},
month = {July}
}

@ARTICLE{ToL12,
author = {Torii, A. and Lopez, R.},
title = {Reliability Analysis of Water Distribution Networks Using the Adaptive
Response Surface Approach},
journal = {Journal of Hydraulic Engineering},
year = {2012},
volume = {138},
pages = {227-236},
number = {3},
doi = {10.1061/(ASCE)HY.1943-7900.0000504}
}

@ARTICLE{HaJ01,
author = {Haimes, Y. and Jiang, P.},
title = {Leontief-Based Model of Risk in Complex Interconnected Infrastructures},
journal = {Journal of Infrastructure Systems},
year = {2001},
volume = {7},
pages = {1-12},
number = {1},
doi = {10.1061/(ASCE)1076-0342(2001)7:1(1)}
}

@TECHREPORT{PeD06,
author = {Pederson, P. and Dudenhoeffer, D. and Hartley, S. and Permann, M.},
title = {Critical Infrastructure and Interdependency Modeling: A Survey of
{US} and International Research},
institution = {Idaho National Laboratory},
year = {2006},
month = {August}
}

@BOOK{SiJ07,
title = {Risk and Reliability Analysis: A Handbook for Civil and Environmental
Engineers},
publisher = {ASCE Press/American Society of Civil Engineers},
year = {2007},
author = {Singh, V.P. and Jain, S.K. and Tyagi, A.K.},
isbn = {9780784408919},
lccn = {2006038853}
}

@MISC{EPA13,
author = {{United States Environmental Protection Agency}},
title = {{{EPANET2} User's manual}},
howpublished = {\url{http://www.nepis.epa.gov/Adobe/PDF/P1007WWU.PDF}},
month = {retrieved January},
year = {2021}
}

@article{RiP01,
title = {Identifying, understanding, and analyzing critical infrastructure interdependencies},
volume = {11},
journal = {IEEE Control Systems Magazine},
author = {Rinaldi, S. and Peerenboom, J. and Kelly, T.},
month = {December},
year = {2001},
pages = {11-25}
}

@article{KnS00,
title={On the definition of survivability},
author={Knight, John C. and Sullivan, Kevin J.},
journal={University of Virginia, Department of Computer Science, Technical Report CS-TR-33-00},
year={2000}
}

@book{Ba03,
title={The fundamentals of aircraft combat survivability analysis and design},
author={Ball, R.E.},
number={v. 1},
isbn={9781563475825},
series={AIAA education series},
year={2003},
publisher={American Institute of Aeronautics and Astronautics}
}

@MISC{STD1037,
author = {{National Communications System, Technology \& Standards Division}},
title = {Telecommunications: Glossary of telecommunication terms - Federal Standard 1037C},
howpublished = {\url{http://www.its.bldrdoc.gov/fs-1037/fs-1037c.htm}},
year = {1996}
}

@book{DeW88,
title={Software Quality Engineering: A Total Technical and Management Approach},
author={Deutsch, M. S. and Willis, R. R.},
isbn={9780138232047},
series={Prentice-Hall series in software engineering},
year={1988},
publisher={Prentice Hall}
}

@techreport{ElF97,
title={Survivable network systems: An emerging discipline},
author={Ellison, Robert J. and Fisher, David A. and Linger, Richard C. and Lipson, Howard F. and Longstaff, Thomas},
year={1997},
institution={DTIC Document}
}

@INPROCEEDINGS{KoA13,
author={Koziolek, A. and Avritzer, A. and Suresh, S. and Sadoc Menasch{\'e}, D. and Trivedi, K. and Happe, L.},
booktitle={IEEE 24th Int. Symposium on Software Rel. Eng. (ISSRE)},
title={Design of distribution automation networks using survivability modeling and power flow equations},
year={2013},
month={November},
pages={41-50},
doi={10.1109/ISSRE.2013.6698903}
}

@INPROCEEDINGS{ChB13a,
author={Chopade, P. and Bikdash, M. and Kateeb, I.},
booktitle={Proc. of IEEE Southeastcon},
title={Interdependency modeling for survivability of Smart Grid and {SCADA} network under severe emergencies, vulnerability and {WMD} attacks},
year={2013},
month={April},
pages={1-7},
doi={10.1109/SECON.2013.6567510},
ISSN={1091-0050}
}

@INPROCEEDINGS{ChB12,
author={Chopade, P. and Bikdash, M.},
booktitle={Proc. of IEEE Southeastcon},
title={Modeling for survivability of Smart Power Grid when subject to severe emergencies and vulnerability},
year={2012},
month={March},
pages={1-6},
doi={10.1109/SECon.2012.6196924},
ISSN={1091-0050}
}

@INPROCEEDINGS{ChB13b,
author={Chopade, P. and Bikdash, M.},
booktitle={IEEE Int. Conf. on Technologies for Homeland Security (HST)},
title={Structural and functional vulnerability analysis for survivability of Smart Grid and {SCADA} network under severe emergencies and {WMD} attacks},
year={2013},
month={November},
pages={99-105},
doi={10.1109/THS.2013.6698983}
}

@inproceedings{AvC15,
title = {Survivability Evaluation of Gas, Water and Electricity Infrastructures},
booktitle = {Proc. of the 7th Int. Workshop on Practical Applications of Stochastic Modelling (PASM)},
author = {Avritzer, A. and Carnevali, L. and Happe, L. and Haverkort, B. R. and Koziolek, A. and Menasch{\'e}, D. and Remke, A. and Sedigh Sarvestani, Sahra},
address = {Newcastle upon Tyne, UK},
month = {May},
doi = {10.1016/j.entcs.2014.12.010},
year = {2015}
}

@inproceedings{AvS13,
author = {Avritzer, Alberto and Suresh, Sindhu and Menasch{\'e}, Daniel Sadoc and Le\~{a}o, Rosa Maria Meri and de Souza e Silva, Edmundo and Diniz, Morganna Carmem and Trivedi, Kishor and Happe, Lucia and Koziolek, Anne},
title = {Survivability Models for the Assessment of Smart Grid Distribution Automation Network Designs},
booktitle = {Proc. of the 4th ACM/SPEC Int. Conf. on Performance Eng. (ICPE)},
year = {2013},
isbn = {978-1-4503-1636-1},
location = {Prague, Czech Republic},
pages = {241-252},
doi = {10.1145/2479871.2479905},
address = {New York, NY, USA}
}

@article{MeM12,
author = {Menasch{\'e}, Daniel S. and Meri Le\~{a}o, Rosa Maria and de Souza e Silva, Edmundo and Avritzer, Alberto and Suresh, Sindhu and Trivedi, Kishor and Marie, Raymond A. and Happe, Lucia and Koziolek, Anne},
title = {Survivability Analysis of Power Distribution in Smart Grids with Active and Reactive Power Modeling},
journal = {SIGMETRICS Perform. Eval. Rev.},
volume = {40},
number = {3},
month = {January},
year = {2012},
issn = {0163-5999},
pages = {53-57},
doi = {10.1145/2425248.2425260},
address = {New York, NY, USA}
}

@article{AcM07,
title = "Locating series {FACTS} devices for congestion management in deregulated electricity markets ",
journal = "Electric Power Systems Research ",
volume = "77",
number = "3–4",
pages = "352-360",
month = "March",
year = "2007",
issn = "0378-7796",
doi = "10.1016/j.epsr.2006.03.016",
author = "Naresh Acharya and N. Mithulananthan"
}

@INPROCEEDINGS{AsK11,
author={Asprou, M. and Kyriakides, E.},
booktitle={IEEE Trondheim PowerTech},
title={Optimal {PMU} placement for improving hybrid state estimator accuracy},
year={2011},
month={June},
pages={1-7},
doi={10.1109/PTC.2011.6019247}
}

@TECHREPORT{T1A1,
title = {Technical report on enhanced network survivability performance},
author = {{T1A1.2 Working Group}},
institution = {{T1A1.2} Working Group on Network Survivability Performance},
month = {February},
year = {2001}
}

@inproceedings{BeA04,
title={The {Italian} 2003 blackout},
author={Berizzi, A},
booktitle={IEEE Power Eng. Soc. General Meeting},
pages={1673-1679},
year={2004}
}

@article {MeA14,
author = {Menasch{\'e}, Daniel Sadoc and Avritzer, Alberto and Suresh, Sindhu and Le\~{a}o, Rosa M. and de Souza e Silva, Edmundo and Diniz, Morganna and Trivedi, Kishor and Happe, Lucia and Koziolek, Anne},
title = {Assessing survivability of smart grid distribution network designs accounting for multiple failures},
journal = {Concurrency and Computation: Practice and Experience},
volume = {26},
number = {12},
issn = {1532-0634},
doi = {10.1002/cpe.3241},
pages = {1949-1974},
year = {2014}
}

@ARTICLE{HuW15a,
author={Zhen Huang and Cheng Wang and Stojmenovic, M. and Nayak, A.},
journal={IEEE Trans. Comput.},
title={Characterization of Cascading Failures in Interdependent Cyber-Physical Systems},
year={2015},
volume={64},
number={8},
pages={2158-2168},
doi={10.1109/TC.2014.2360537},
ISSN={0018-9340},
month={August},
}

@article{ZhG13,
title = {Percolation of partially interdependent scale-free networks},
author = {Zhou, Di and Gao, Jianxi and Stanley, H. Eugene and Havlin, Shlomo},
journal = {Phys. Rev. E},
volume = {87},
issue = {5},
pages = {052812},
year = {2013},
month = {May},
publisher = {American Physical Society},
doi = {10.1103/PhysRevE.87.052812}
}

@TECHREPORT{EN50160,
title = {{EN} 50160, Voltage Characteristics of Electricity Supplied by Public Distribution Systems},
institution = {CENELEC},
year = {2005}
}

@TECHREPORT{C84.1,
title = {{ANSI} Standard for Electric Power Systems and Equipment---Voltage Ratings (60 Hertz), ANSI C84.1},
institution = {American National Standard Institute},
year = {2011}
}

@book{BeM13,
title={Model-Driven Dependability Assessment of Software Systems},
author={Bernardi, Simona and Merseguer, Jos{\'e} and Petriu, Dorina C.},
year={2013},
publisher={Springer}
}

@TECHREPORT{HSRp,
title = {Hurricane {Sandy} rebuilding strategy},
institution = {Hurricane Sandy Rebuilding Task Force},
year = {2013},
month = {August}
}

@ARTICLE{AnD05,
author={Andersson, G. and Donalek, P. and Farmer, R. and Hatziargyriou, N. and Kamwa, I. and Kundur, P. and Martins, N. and Paserba, J. and Pourbeik, P. and Sanchez-Gasca, J. and Schulz, R. and Stankovic, A. and Taylor, C. and Vittal, V.},
journal={IEEE Trans. Power Syst.},
title={Causes of the 2003 major grid blackouts in {North America} and {Europe}, and recommended means to improve system dynamic performance},
year={2005},
volume={20},
number={4},
pages={1922-1928},
doi={10.1109/TPWRS.2005.857942},
ISSN={0885-8950},
month={November}
}


@article{HeR12,
title = {Generic metrics and quantitative approaches for system resilience as a function of time},
volume = {99},
journal = {Rel. Eng. \& Syst. Safety},
author = {Henry, Devanandham and Ramirez-Marquez, Jose Emmanuel},
year = {2012},
pages = {114 -- 122}
}

@article{BaR13,
title = {Resilience-based network component importance measures},
volume = {117},
number = {0},
journal = {Rel. Eng. \& Syst. Safety},
author = {Barker, Kash and Ramirez-Marquez, Jose Emmanuel and Rocco, Claudio M.},
year = {2013},
pages = {89 -- 97}
}

@TECHREPORT{EPRI02,
title = {Analysis of Extremely Reliable Power Delivery Systems},
institution = {Electric Power Research Institute},
year = {2002},
month = {April},
notes = {complete name: Analysis of Extremely Reliable Power Delivery Systems: A Proposal for Development and Application of Security, Quality, Reliability, and Availability (SQRA) Modeling for Optimizing Power System Configurations for the Digital Economy}
}

@TECHREPORT{EPRI03,
title = {Distribution Reliability Indices Tracking Within the {United States}},
institution = {Electric Power Research Institute},
year = {2002},
month = {May}
}

@TECHREPORT{OsW01,
author = {Julie G. Osborn and Cornelia Kawann},
title = {Reliability of the {U.S.} Electricity System: Recent Trends and Current Issues},
year = {2001},
month = {August},
isbn = {LBNL-47043}
}

@INPROCEEDINGS{HiA08,
author={Hines, P. and Apt, J. and Talukdar, S.},
booktitle={IEEE Power and Energy Soc. General Meeting - Conversion and Del. of Electr. Energy in the 21st Century},
title={Trends in the history of large blackouts in the {United States}},
year={2008},
pages={1-8},
address={Pittsburgh, PA},
doi={10.1109/PES.2008.4596715},
ISSN={1932-5517},
month={July}
}

@inproceedings{LiT04,
title={A General Framework for Network Survivability Quantification},
author={Liu, Yun and Trivedi, Kishor S.},
booktitle={in Proc. of the GI/ITG Conf. on Measuring, Modelling and Evaluation of Comput. and Commun. Syst. (MMB)},
pages={369-378},
address={Germany},
month={September},
year={2004}
}

@INPROCEEDINGS{RaI10,
author={Rajkumar, R. and Insup Lee and Lui Sha and Stankovic, J.},
booktitle={47th ACM/IEEE Design Automation Conf. (DAC)},
title={Cyber-physical systems: The next computing revolution},
year={2010},
month={June},
pages={731 -736}
}

@article{HeT09,
title = "Network survivability modeling",
journal = "Computer Networks",
volume = "53",
number = "8",
pages = "1215 - 1234",
year = "2009",
issn = "1389-1286",
doi = "10.1016/j.comnet.2009.02.014",
author = "Poul E. Heegaard and Kishor S. Trivedi"
}

@article{Ma12,
title={A unified definition for reliability, survivability and resilience inspired by the handicap principle and ecological stability},
author={Ma, Zhanshan Sam},
journal={Int. Journal of Critical Infrastructures},
volume={8},
number={2-3},
pages={242--272},
year={2012},
}

@article{StC13,
year={2013},
issn={1018-4864},
journal={Telecommunication Systems},
volume={52},
number={2},
doi={10.1007/s11235-011-9573-6},
title={Evaluation of network resilience, survivability, and disruption tolerance: analysis, topology generation, simulation, and experimentation},
publisher={Springer US},
author={Sterbenz, James P. G. and \c{C}etinkaya, Egemen K. and Hameed, Mahmood A. and Jabbar, Abdul and Qian, Shi and Rohrer, Justin P.},
pages={705-736},
}

@INPROCEEDINGS{YiD15,
author={Zhipeng Yi and Dohi, T.},
booktitle={IEEE 39th Computer Software and Applications Conference (COMPSAC)},
title={A Simulation Approach to Quantify Network Survivability on {MANETs}},
year={2015},
volume={3},
pages={268-273},
doi={10.1109/COMPSAC.2015.238},
month={July}
}

@inproceedings{LiM98,
author = {Linger, Richard C. and Mead, Nancy R. and Lipson, Howard F.},
title = {Requirements Definition for Survivable Network Systems},
booktitle = {Proc. of the 3rd Int. Conf. on Requirements Engineering: Putting Requirements Engineering to Practice},
year = {1998},
isbn = {0-8186-8356-2},
pages = {14--23},
address = {Washington, DC, USA},
}

@techreport{Ch02,
title={Network survivability analysis using {Easel}},
author={Christie, Alan M},
year={2002},
institution={Software Engineering Institute of Carnegie Mellon University}
}

@article{HoB16,
title = "A review of definitions and measures of system resilience ",
journal = "Rel. Eng. \& Syst. Safety",
volume = "145",
number = "",
pages = "47 - 61",
year = "2016",
note = "",
issn = "0951-8320",
doi = "10.1016/j.ress.2015.08.006",
author = "Seyedmohsen Hosseini and Kash Barker and Jose E. Ramirez-Marquez"
}

@INPROCEEDINGS{SiS10,
author={Singh, C. and Sprintson, A.},
booktitle={IEEE Power and Energy Soc. General Meeting},
title={Reliability assurance of cyber-physical power systems},
year={2010},
pages={1-6},
doi={10.1109/PES.2010.5590189},
ISSN={1944-9925},
month={July}
}

@article{WaM11,
author = {Chunlei Wang and Liang Ming and Jinjing Zhao and Dongxia Wang},
title = {A General Framework for Network Survivability Testing and Evaluation},
journal = {Journal of Networks},
volume = {6},
number = {6},
year = {2011}
}

@book{En79,
title={Reliability Modeling in Electric Power Systems},
author={Endrenyi, J.},
isbn={9780471996644},
year={1979},
publisher={Wiley}
}

@article{Bo12,
title = "An overview of reliability models and methods for distribution systems with renewable energy distributed generation ",
journal = "Renewable and Sustainable Energy Reviews",
volume = "16",
number = "6",
pages = "4008 - 4015",
year = "2012",
note = "",
issn = "1364-0321",
doi = "10.1016/j.rser.2012.03.055",
author = "Carmen Lucia Tancredo Borges"
}

@ARTICLE{GuS11,
author={Gungor, V.C. and Sahin, D. and Kocak, T. and Ergut, S. and Buccella, C. and Cecati, C. and Hancke, G.P.},
journal={IEEE Trans. Ind. Informat.},
title={Smart Grid Technologies: Communication Technologies and Standards},
year={2011},
volume={7},
number={4},
pages={529-539},
doi={10.1109/TII.2011.2166794},
ISSN={1551-3203},
month={November}
}

@MISC{OE417,
author = {{Office of Electricity Delivery \& Energy Reliability, Department of Energy}},
title = {Electric Disturbance Events ({OE}-417) Annual Summaries},
howpublished = {\url{https://www.oe.netl.doe.gov/OE417_annual_summary.aspx}},
address = {Washington, DC}
}

@article{HiC10,
author = "Hines, Paul and Cotilla-Sanchez, Eduardo and Blumsack, Seth",
title = "Do topological models provide good information about electricity infrastructure vulnerability?",
journal = "Chaos",
year = "2010",
volume = "20",
number = "3",
pages = "033122",
doi = "10.1063/1.3489887"
}

@ARTICLE{QiS15,
author={Junjian Qi and Kai Sun and Shengwei Mei},
journal={IEEE Trans. Power Syst.},
title={An Interaction Model for Simulation and Mitigation of Cascading Failures},
year={2015},
volume={30},
number={2},
pages={804-819},
doi={10.1109/TPWRS.2014.2337284},
ISSN={0885-8950},
month={March}
}

@ARTICLE{HuW15b,
author={Z. Huang and C. Wang and A. Nayak and I. Stojmenovic},
journal={IEEE Trans. Parallel Distrib. Syst.},
title={Small Cluster in Cyber Physical Systems: Network Topology, Interdependence and Cascading Failures},
year={2015},
volume={26},
number={8},
pages={2340-2351},
doi={10.1109/TPDS.2014.2342740},
ISSN={1045-9219},
month={August}
}

@ARTICLE{DiL12,
author={A. Di Giorgio and F. Liberati},
journal={IEEE Syst. J.},
title={A {Bayesian} Network-Based Approach to the Critical Infrastructure Interdependencies Analysis},
year={2012},
volume={6},
number={3},
pages={510-519},
doi={10.1109/JSYST.2012.2190695},
ISSN={1932-8184},
month={September}
}

@article{Bu16,
author = "L. Bukowski",
title = "System of systems dependability - Theoretical models and applications examples",
journal = "Rel. Eng. \& Syst. Safety",
volume = "151",
pages = "76 - 92",
year = "2016",
issn = "0951-8320",
doi = "10.1016/j.ress.2015.10.014"
}

@MISC{PSTCA,
author = {{University of Washington}},
title = {Power Systems Test Case Archive},
howpublished = {\url{http://www.ee.washington.edu/research/pstca/}},
month = {retrieved January},
year = {2021}
}

@article{ReM16,
title = "Quantitative evaluation of the synergistic effects of failures in a critical infrastructure system",
journal = "Int. Journal of Critical Infrastructure Protection",
volume = "14",
pages = "3-17",
year = "2016",
issn = "1874-5482",
doi = "10.1016/j.ijcip.2016.06.002",
author = "David Rehak and Jiri Markuci and Martin Hromada and Karla Barcova"
}

@ARTICLE{FaP16,
author={Y. P. Fang and N. Pedroni and E. Zio},
journal={IEEE Trans. Rel.},
title={Resilience-Based Component Importance Measures for Critical Infrastructure Network Systems},
year={2016},
volume={65},
number={2},
pages={502-512},
doi={10.1109/TR.2016.2521761},
ISSN={0018-9529},
month={June}
}

@article{HiA09,
title = "Large blackouts in {North America}: Historical trends and policy implications",
journal = "Energy Policy",
volume = "37",
number = "12",
pages = "5249 - 5259",
year = "2009",
issn = "0301-4215",
doi = "10.1016/j.enpol.2009.07.049",
author = "Paul Hines and Jay Apt and Sarosh Talukdar"
}

@INPROCEEDINGS{RoA04,
author={B. Roczen and R. G. Arno and P. S. Hale},
booktitle={IEEE Ind. and Commercial Power Syst. Tech. Conf.},
title={Reliability block diagram methodology applied to gold book standard network},
year={2004},
pages={116-126},
doi={10.1109/ICPS.2004.1314990},
month={May}
}

@ARTICLE{IEEE1159,
journal={IEEE Std 1159-2009 (Revision of IEEE Std 1159-1995)},
title={{IEEE} Recommended Practice for Monitoring Electric Power Quality},
year={2009},
doi={10.1109/IEEESTD.2009.5154067},
month={June},
note={Power quality metrics}
}

@article{CaN00,
title = {Network Robustness and Fragility: Percolation on Random Graphs},
author = {Callaway, Duncan S. and Newman, M. E. J. and Strogatz, Steven H. and Watts, Duncan J.},
journal = {Phys. Rev. Lett.},
volume = {85},
issue = {25},
pages = {5468--5471},
year = {2000},
month = {December},
doi = {10.1103/PhysRevLett.85.5468}
}

@INPROCEEDINGS{AlS16,
author={Alobaidi, Isam A. and Sedigh Sarvestani, Sahra and Hurson, Ali R.},
booktitle={In Proc. of the 4th Int. Symposium on Resilient Cyber Systems},
title={Survivability analysis and recovery support for smart grids},
year={2016},
month={August},
address={Chicago, USA},
series={Recipient of Best Paper Award}
}

@ARTICLE{IEEE24765,
journal={ISO/IEC/IEEE 24765:2010(E)},
author={ISO/IEC/IEEE},
title={Systems and software engineering -- Vocabulary},
year={2010},
pages={1-418},
doi={10.1109/IEEESTD.2010.5733835},
month={December}
}

@inproceedings{LoH13,
title={The randomized dependence coefficient},
author={Lopez-Paz, David and Hennig, Philipp and Sch{\"o}lkopf, Bernhard},
booktitle={Advances in Neural Information Processing Systems},
pages={1-9},
year={2013}
}

@article{MeW06,
author = {David Mendon\c{c}a and William A. Wallace},
title = {Impacts of the 2001 {World Trade Center} Attack on {New York City} Critical Infrastructures},
journal = {Journal of Infrastructure Systems},
volume = {12},
number = {4},
pages = {260-270},
year = {2006},
month = {December},
doi = {10.1061/(ASCE)1076-0342(2006)12:4(260)}
}

@article{DuK12,
author = {Leonardo Duenas-Osorio and Alexis Kwasinski},
title = {Quantification of Lifeline System Interdependencies after the 27 {February} 2010 {Mw} 8.8 Offshore {Maule}, {Chile}, Earthquake},
journal = {Earthquake Spectra},
volume = {28},
number = {S1},
pages = {S581-S603},
year = {2012},
doi = {10.1193/1.4000054}
}

@ARTICLE{RuW12,
author={C. Rudin and D. Waltz and R. N. Anderson and A. Boulanger and A. Salleb-Aouissi and M. Chow and H. Dutta and P. N. Gross and B. Huang and S. Ierome and D. F. Isaac and A. Kressner and R. J. Passonneau and A. Radeva and L. Wu},
journal={IEEE Trans. Pattern Anal. Mach. Intell.},
title={Machine Learning for the {New York City} Power Grid},
year={2012},
volume={34},
number={2},
pages={328-345},
doi={10.1109/TPAMI.2011.108},
month={February}
}

@inproceedings{GrB06,
 author = {Gross, Philip and Boulanger, Albert and Arias, Marta and Waltz, David and Long, Philip M. and Lawson, Charles and Anderson, Roger and Koenig, Matthew and Mastrocinque, Mark and Fairechio, William and Johnson, John A. and Lee, Serena and Doherty, Frank and Kressner, Arthur},
 title = {Predicting Electricity Distribution Feeder Failures Using Machine Learning Susceptibility Analysis},
 booktitle = {Proc. of the 18th Conf. on Innovative Applications of Artificial Intelligence},
 year = {2006},
 volume = {2},
 isbn = {978-1-57735-281-5},
 location = {Boston, Massachusetts},
 pages = {1705-1711}
}

@ARTICLE{AlK09,
author={M. Al-Kuwaiti and N. Kyriakopoulos and S. Hussein},
journal={IEEE Communications Surveys Tutorials},
title={A comparative analysis of network dependability, fault-tolerance, reliability, security, and survivability},
year={2009},
volume={11},
number={2},
pages={106-124},
doi={10.1109/SURV.2009.090208},
month={June}
}

@article{Al95,
title={Correlations genuine and spurious in {Pearson} and {Yule}},
author={Aldrich, John},
journal={Statistical Science},
pages={364-376},
year={1995},
note={correlation does not imply causation}
}

@misc{PwrWrld,
title = {{PowerWorld Corporation}},
howpublished = {\url{http://www.powerworld.com/ products/simulator/overview}},
}

@misc{DIg,
title = {{DIgSILENT GmbH}},
howpublished = {\url{http://www.digsilent.com/}},
}

@misc{MATPWR,
title = {{MATPOWER}, A {MATLAB} Power System Simulation Package},
howpublished = {\url{http://www.pserc.cornell.edu/matpower/}},
}

@ARTICLE{FERC12,
author={{Federal Energy Regulatory Commission and North American Electric Reliability Corporation}},
title={{Arizona-Southern California} Outages on {September} 8, 2011-Causes and Recommendations},
month={April},
year={2012}
}

@article{NaS17,
title = "A quantitative method for assessing resilience of interdependent infrastructures",
journal = "Rel. Eng. \& Syst. Safety",
volume = "157",
pages = "35 - 53",
year = "2017",
issn = "0951-8320",
doi = "10.1016/j.ress.2016.08.013",
author = "Cen Nan and Giovanni Sansavini"
}

@article{TiD16,
title = "Algorithms for {Bayesian} network modeling and reliability assessment of infrastructure systems",
journal = "Rel. Eng. \& Syst. Safety",
volume = "156",
pages = "134 - 147",
year = "2016",
issn = "0951-8320",
doi = "10.1016/j.ress.2016.07.022",
author = "Iris Tien and Armen Der Kiureghian"
}

@ARTICLE{ZhA16,
author={Z. Zhang and W. An and F. Shao},
journal={IEEE Trans. Rel.},
title={Cascading Failures on Reliability in Cyber-Physical System},
year={2016},
volume={65},
number={4},
pages={1745-1754},
doi={10.1109/TR.2016.2606125},
ISSN={0018-9529},
month={Dec}
}

@article{VeE15,
author = {Trivik Verma and Wendy Ellens and Robert E. Kooij},
title = {Context-independent centrality measures underestimate the vulnerability of power grids},
journal = {Int. Journal of Critical Infrastructures},
volume = {11},
number = {1},
pages = {62-81},
year = {2015},
doi = {10.1504/IJCIS.2015.067398}
}

@article{HaM16,
title = "Sensitivity analysis of smart grids reliability due to indirect cyber-power interdependencies under various {DG} technologies, {DG} penetrations, and operation times",
journal = "Energy Conversion and Management ",
volume = "108",
pages = "377 - 391",
year = "2016",
issn = "0196-8904",
doi = "10.1016/j.enconman.2015.10.082",
author = "Hamed Hashemi-Dezaki and Seyed Mohammad Mousavi Agah and Hossein Askarian-Abyaneh and Homayoun Haeri-Khiavi",
}

@inproceedings{FaS08b,
author = {Faza, Ayman Z. and Sedigh Sarvestani, Sahra and McMillin, Bruce M.},
year = {2008},
pages = {429--439},
title = {The Advanced Electric Power Grid: Complexity Reduction Techniques for Reliability Modeling},
booktitle = {Proceedings of the 27th international conference on Computer Safety, Reliability, and Security (SAFECOMP '08)},
doi = {10.1007/978-3-540-87698-4_35}
}

@inproceedings{KiB15,
author    = {Diederik P. Kingma and Jimmy Ba},
title     = {Adam: {A} Method for Stochastic Optimization},
booktitle = {Proc. of the 3rd Int. Conf. for Learning Representations},
address   = {San Diego, USA},
year      = {2015}
}

@inproceedings{DuB00,
 author = {Dugas, Charles and Bengio, Yoshua and B{\'e}lisle, Fran\c{c}ois and Nadeau, Claude and Garcia, Ren{\'e}},
 title = {Incorporating Second-order Functional Knowledge for Better Option Pricing},
 booktitle = {Proc. of the 13th Int. Conf. on Neural Information Processing Systems},
 year = {2000},
 location = {Denver, CO},
 pages = {451--457},
 address = {Cambridge, MA, USA}
}

@article{OuM07,
title = "Multi-class pattern classification using neural networks",
journal = "Pattern Recognition",
volume = "40",
number = "1",
pages = "4 - 18",
year = "2007",
doi = "10.1016/j.patcog.2006.04.041",
author = "Guobin Ou and Yi Lu Murphey"
}

@misc{AbA15,
title = {{TensorFlow}: Large-Scale Machine Learning on Heterogeneous Distributed Systems},
author = {Mart{\'{\i}}n Abadi and Ashish Agarwal and Paul Barham and Eugene Brevdo and Zhifeng Chen and Craig Citro and Gregory S. Corrado and Andy Davis and Jeffrey Dean and Matthieu Devin and Sanjay Ghemawat and Ian J. Goodfellow and Andrew Harp and Geoffrey Irving and Michael Isard and Yangqing Jia and Rafal J{\'{o}}zefowicz and Lukasz Kaiser and Manjunath Kudlur and Josh Levenberg and Dan Man{\'{e}} and Rajat Monga and Sherry Moore and Derek Gordon Murray and Chris Olah and Mike Schuster and Jonathon Shlens and Benoit Steiner and Ilya Sutskever and Kunal Talwar and Paul A. Tucker and Vincent Vanhoucke and Vijay Vasudevan and Fernanda B. Vi{\'{e}}gas and Oriol Vinyals and Pete Warden and Martin Wattenberg and Martin Wicke and Yuan Yu and Xiaoqiang Zheng},
year  = {2015},
url = {http://download.tensorflow.org/paper/whitepaper2015.pdf}
}

@inproceedings{YuS11,
title = {Improved bottleneck features using pretrained deep neural networks},
author = {Yu, Dong and Seltzer, Michael L},
booktitle = {Twelfth Annual Conference of the International Speech Communication Association},
pages = {237--240},
year = {2011}
}

@article{ZhH18,
title = "Combined effects of load dynamics and dependence clusters on cascading failures in network systems",
journal = "Rel. Eng. \& Syst. Safety",
volume = "170",
pages = "116 - 126",
year = "2018",
doi = "10.1016/j.ress.2017.10.008",
author = "Jian Zhou and Ning Huang and David W. Coit and Frank A. Felder"
}

@ARTICLE{StS20,
author={A. Sturaro and S. Silvestri and M. Conti and S. K. Das},
journal={IEEE Trans. Netw. Sci. Eng.},
title={A Realistic Model for Failure Propagation in Interdependent Cyber-Physical Systems},
year={2020},
volume={7},
number={2},
pages={817-831},
doi={10.1109/TNSE.2018.2872034}
}

@article{GuY19,
author = {Guo, Hengdao and Yu, Samson S. and Iu, Herbert H. C. and Fernando, Tyrone and Zheng, Ciyan},
title = {A complex network theory analytical approach to power system cascading failure--From a cyber-physical perspective},
journal = {Chaos: An Interdisciplinary Journal of Nonlinear Science},
volume = {29},
number = {5},
pages = {053111},
year = {2019},
doi = {10.1063/1.5092629}
}

@article{TuX19,
title = "Robustness assessment of cyber–physical systems with weak interdependency",
journal = "Physica A: Statistical Mechanics and its Applications",
volume = "522",
pages = "9 - 17",
year = "2019",
doi = "10.1016/j.physa.2019.01.137",
author = "Haicheng Tu and Yongxiang Xia and Jiajing Wu and Xiang Zhou"
}
